3558 5746
358 479 614 532 Βιαιιατπποιπ
640 480 903 532 υιιινπιιοιπιιτιε
928 479 1171 533 ποοοιππιιειο.
1327 461 1371 534 61

140 688 209 732 που
225 669 324 748 λόγος
339 671 384 748 εἰς
397 669 456 733 τὸν
467 668 560 746 ἁγιον
574 669 808 747 Σίλβεστρον
823 667 912 731 πάπα
924 667 1050 747 Ῥώμης
1059 670 1131 746 περὶ
1141 671 1200 733 τοῦ
1213 668 1374 748 δόγματος

139 788 211 849 τῶν
231 784 393 865 ῥαββίδων
408 787 465 848 καὶ
489 785 534 862 εἰς
556 785 594 846 τά
617 783 762 863 θαύματα
777 782 828 846 καὶ
849 784 907 863 τὰς
928 783 1029 863 ἰάσεις
1049 783 1291 849 Κωνσταντίνου
1315 786 1373 850 τοῦ

145 901 404 978 θεοφιλεστάτου
422 901 595 979 βασιλέως.

309 1016 364 1070 Ιιιο.
381 1016 412 1069 ‘O
432 1016 569 1083 ἡμέτερος
589 1014 812 1080 ἱστοριογράφος
833 1013 962 1079 Εὐσέβιος
984 1013 1149 1083 δπηνίκατη
1162 1015 1374 1081 ἐκκλησιαστικη

278 1113 389 1181 ἱστορίᾳ
407 1114 610 1179 συνεγράψατο
630 1112 685 1167 ἐκεῖ
702 1112 773 1178 άπερ
793 1111 910 1178 εἴληφεν
928 1113 1150 1179 ὑπερθαίιμαστα
1161 1111 1331 1179 -Ἔγένετο
1344 1113 1376 1166 δέ

278 1213 351 1266 κατὰ
362 1214 463 1279 καιρόν
475 1212 582 1267 ἐκεῖνον
594 1214 767 1278 συναχθῆναι
777 1214 885 1277 πλῆθος
906 1213 1055 1278 βαρβάρων
1076 1241 1107 1250 -
1128 1213 1190 1267 Des.
1209 1212 1256 1266 καί
1273 1228 1375 1279 πορευ-

269 1314 358 1366 ’θείσα
370 1309 408 1375 είς
429 1312 482 1378 τὴν
493 1311 635 1378 ἀνατολὴν
647 1310 704 1376 ἅμα
713 1309 917 1376 στρατοπέδων
927 1311 958 1364 ἐν
968 1311 1048 1365 πόλει
1058 1309 1259 1377 Ἱεροσολύμων
1271 1311 1376 1378 ἀναζη-

279 1414 364 1477 τῆσαι
374 1411 427 1463 τόν
438 1409 530 1476 τίμιον
543 1411 694 1476 σταυρόν...
705 1409 785 1475 ἁμήν.

187 1515 245 1571 14.
270 1507 350 1592 (Fol.
375 1507 551 1592 241-243v).
580 1506 767 1585 Μαρτύριον
796 1509 855 1570 τοῦ
883 1481 978 1583 Ιἁγίου
1007 1507 1195 1586 Τιμοθέου
1226 1511 1371 1586 μαθητοῦ

144 1603 324 1702 γενομένου
339 1627 398 1688 τοῦ
414 1624 507 1698 ἁγίου
522 1623 657 1686 Παύλου
676 1626 735 1686 τοῦ
759 1621 946 1686 ἀποστόλου
967 1623 1100 1701 πρώτου
1123 1625 1158 1686 δέ
1179 1622 1374 1703 πατριάρχου

148 1739 378 1815 κατατεθέντας
389 1743 446 1817 τῆς
461 1738 626 1817 Ἐφεσίων
640 1737 871 1816 μητροπόλεως
885 1742 943 1814 τῆς
956 1736 1079 1815 Ἀσίας.
1093 1768 1135 1790 =
1148 1738 1174 1801 B
1185 1738 1212 1803 1.
1349 1803 1351 1813 ,

190 1863 246 1918 15.
270 1852 350 1935 (ίόί.
364 1853 527 1937 θίδθδδ).
541 1853 608 1916 Τοῦ
630 1852 787 1930 μακαρίου
811 1853 922 1929 Κοσμᾶ
942 1856 1001 1916 τοῦ
1026 1853 1230 1931 βηστήτορος
1250 1852 1296 1931 εἰς
1317 1853 1376 1930 τὴν

143 1967 307 2032 ἐπάνοδον
327 1972 386 2032 τοῦ
411 1969 566 2046 λειψάνου
589 1971 648 2031 τοῦ
671 1967 705 2032 ἐν
728 1968 830 2045 ἁγίοις
855 1967 979 2046 πατρὸς
1004 1967 1095 2046 ἡμῶν
1116 1967 1290 2034 Ἰωάννου
1315 1971 1374 2032 τοῦ

145 2083 396 2162 Χρυσοστόμαυ.

311 2191 529 2246 Ιιιο.”Ηκουσται
540 2192 655 2255 πάντως
673 2193 745 2256 ὑμῖν,
763 2193 786 2244 ὢ
805 2191 986 2258 φιλόχριστος
1003 2191 1160 2258 πανήγυρις
1181 2190 1226 2244 καί
1244 2192 1377 2257 φιλάγιον

281 2291 421 2357 ἄθροισμα
433 2319 464 2328 -
485 2291 547 2344 Des.
559 2287 610 2344 τόν
627 2291 697 2344 λαόν
710 2305 763 2344 σου
775 2291 835 2353 ταῖς
849 2292 911 2353 σαίς
923 2291 1097 2355 διαφόλαέον
1107 2289 1281 2356 πρεσβείαις·
1293 2291 1309 2344 δ
1321 2292 1376 2357 γὰρ

280 2390 370 2443 θέλων
384 2389 429 2443 καί
442 2391 511 2454 μετὰ
523 2389 648 2442 θάνατον
659 2389 712 2456 τὴν
725 2390 817 2452 όντως
830 2391 913 2454 Ζῆσαι
923 2388 1025 2455 ζωὴν...
1038 2388 1119 2455 ἁμήν.

194 2494 253 2553 16.
275 2487 355 2570 (Εόί.
380 2487 571 2569 290v-297v).
597 2487 782 2567 Μαρτύριον
806 2491 865 2566 τῆς
890 2487 982 2563 ἁγίας
1003 2487 1288 2566 μεγαλομάρτυρος
1313 2490 1372 2551 τοῦ

149 2604 290 2691 Χριστοῦ
304 2603 474 2681 Ἀγάθης.
489 2603 581 2668 =B.
1046 2587 1049 2590 ¹

194 2727 252 2783 17.
275 2718 354 2803 (Fol.
383 2718 573 2802 297v-306v).
596 2718 671 2796 Βίας
692 2718 742 2781 καί
763 2717 904 2781 πολιτεία
924 2720 984 2782 τοῦ
1007 2717 1103 2782 ὁσίου
1133 2719 1256 2796 πατρὸς
1284 2717 1376 2798 ἡμῶν

150 2835 313 2915 Λέοντος
328 2835 564 2915 ἀρχιπροέδρου
584 2834 725 2912 Κατάνης
740 2834 875 2913 καὶπερὶ
896 2839 955 2913 τῆς
977 2834 1142 2912 ἐπαοιδίας
1167 2835 1375 2915 Ἡλιοδώρου.

312 2952 367 3006 Ιιιο.
379 2951 519 3018 Πατέρες,
531 2950 616 3004 τέκνα
627 2949 673 3003 καί
694 2947 828 3015 ἀδελφοί,
846 2950 987 3016 ἐκλιπαρεί
997 2951 1068 3016 ὑμᾶς
1079 2951 1098 3017 ἡ
1118 2949 1183 3016 ἁγία
1195 2949 1240 3004 καί
1253 2952 1377 3005 ἀποστο-

280 3051 342 3117 λική
355 3049 486 3116 ἐκκλησία
498 3078 529 3087 -
542 3050 604 3103 Des.
622 3047 712 3102 καὶτὸ
725 3049 877 3102 ἀποθανεῖν
889 3049 1001 3115 κέρδος.
1014 3048 1179 3116 Κεκοίμηται
1194 3050 1225 3102 δέ
1237 3050 1253 3103 δ
1266 3050 1376 3115 άξιάγα·

281 3163 348 3212 στος
371 3149 465 3215 πατὴρ
486 3149 568 3214 ἡμῶν
589 3147 668 3200 Λέων
692 3147 764 3200 κατὰ
783 3147 836 3213 τήν
862 3146 958 3200 εἰκάδα
981 3152 1033 3200 τοῦ
1057 3147 1252 3214 φευρουαρίου
1276 3149 1378 3215 μηνός,

283 3249 408 3312 ἀποδοὺς
420 3249 473 3316 τήν
486 3247 567 3313 ἁγίαν
579 3245 624 3299 καί
637 3246 790 3326 δλόφωταν
803 3245 891 3300 αὐτοῦ
903 3225 1021 3313 φυχήν...
1034 3246 1114 3312 ἀμήν.

311 3347 408 3400 Latine
420 3347 480 3400 Act.
492 3343 554 3412 SS.,
569 3346 633 3400 Feb.
643 3345 691 3409 111,
703 3345 806 3398 223-25.

586 3614 716 3680 CODEX
737 3613 776 3678 69
799 3613 867 3696 (με’,
890 3613 941 3697 ν’).

178 3781 380 3843 Membraneus,
392 3780 521 3835 soliorum
532 3780 581 3833 168
593 3782 710 3846 (praeter
731 3777 847 3832 insiticia
866 3778 940 3841 duo),
958 3779 1036 3840 0¹⁰‚36
1051 3786 1076 3837 ><
1091 3779 1193 3842 00355,
1209 3778 1281 3833 binis
1301 3780 1377 3834 colu·

144 3881 222 3937 mnis
234 3896 303 3934 saec.
315 3879 365 3932 XII
377 3884 513 3934 exaratus.

182 3977 260 4030 Folia
278 3977 395 4039 θθθ-θίί),
416 3991 500 4030 manu
520 3973 671 4043 antiquiore
689 3974 796 4043 scripta,
817 3973 932 4028 laciniae
952 3979 1016 4028 sunt
1036 3975 1157 4042 martyrii
1178 3975 1222 4029 SS.
1242 3956 1377 4040 EustratiL

143 4074 277 4131 Mardarii
289 4079 316 4128 et
328 4074 439 4129 Orestis.
519 4103 522 4110 ·
1164 4052 1167 4058 ¹

196 4235 227 4287 1.
250 4221 331 4306 (Fol.
354 4221 453 4305 1-30).
473 4222 539 4285 Τοῦ
562 4220 595 4285 ἐν
617 4220 720 4297 ἁγίοις
741 4219 864 4297 πατρὸς
879 4219 970 4298 ἡμῶν
992 4220 1012 4284 Γ
1013 4222 1168 4298 ρηγορίου
1194 4220 1373 4286 ἐπισκόπου

146 4339 266 4417 Νύσης
281 4339 325 4416 εἰς
339 4337 396 4401 τὸν
412 4337 481 4415 βίον
497 4337 546 4399 καὶ
561 4336 600 4399 τά
615 4334 760 4414 θαύματα
781 4338 839 4399 τοῦ
863 4335 896 4400 ἐν
918 4335 1019 4413 ἁγίοις
1039 4339 1161 4415 πατρὸς
1182 4336 1272 4415 ἡμῶν
1294 4338 1378 4417 Γρη-

142 4455 285 4534 γορίου
301 4453 480 4518 ἐπισκόπου
498 4451 862 4529 Νεοκαισαρείας.--Β.
1230 4452 1312 4520 Νον.
1328 4454 1376 4519 17.

191 4577 224 4636 2.
248 4566 330 4652 (Fol.
344 4568 462 4652 30-37).
475 4567 660 4645 Μαρτάριον
671 4569 729 4630 τοῦ
743 4565 836 4642 ἁγίου
852 4565 1073 4644 Πλάτωνος.
1089 4598 1129 4621 =
1139 4566 1223 4631 481².
1238 4567 1319 4634 Nov.
1330 4570 1377 4635 18.

195 4693 227 4750 3.
251 4683 333 4766 (Fol.
348 4683 466 4766 3744).
482 4682 556 4758 Βίας
571 4683 621 4745 καὶ
637 4681 778 4744 πολιτεία
795 4684 853 4746 τοῦ
879 4680 975 4746 ὁσίου
997 4682 1120 4760 πατρὸς
1140 4681 1231 4759 ἡμῶν
1252 4683 1379 4764 Ἀμφι-

145 4800 283 4880 λοχίου
300 4798 478 4864 ἐπισκόπου
495 4798 670 4877 γενομένου
687 4795 828 4861 Ἰκονίου.
844 4795 961 4861 =132.
1237 4797 1317 4864 Νατ.
1328 4799 1379 4865 23.
