3558 5746
349 395 604 474 Blnnlounucnu
630 421 895 476 univuflslrnrts
920 422 1162 480 nnsannNSIS.
1316 409 1366 481 33

182 617 238 674 14.
263 609 344 692 (nol.
375 609 547 694 163-163v).
576 609 764 690 Ὑπόμνημα
792 612 837 690 εἰς
861 611 918 677 τὸν
955 612 1046 691 ἅγιον
1081 615 1274 681 Ματθαῖον
1308 617 1368 686 τὸν

139 723 328 790 ἀπόστολον
343 726 394 788 καὶ
409 726 644 806 εὐαγγελιστήν.
660 758 699 778 =
714 727 776 792 Bu.

301 841 363 894 Des.
375 840 463 894 mutil.
476 861 482 896 :
496 841 534 904 είς
546 842 687 908 οὐρανοὺς
701 843 847 910 ἀνελήφθη
858 843 903 898 καί
914 845 967 898 τόν
977 846 1166 912 Παρόκλητον
1178 846 1283 902 ἐκεῖθεν
1297 849 1302 916 Ι

602 1121 905 1206 mmwm

169 1281 369 1346 Membraneus‚
378 1282 507 1336 foliorum
516 1284 572 1346 251,
581 1284 676 1346 0²‚428
687 1292 713 1344 ><
727 1285 830 1349 0¹¹³,334,
838 1285 910 1338 binis
928 1285 1062 1340 columnis
1074 1302 1146 1340 anno
1157 1269 1222 1340 1308
1230 1289 1365 1341 exaratus.

170 1381 236 1436 Pers
248 1381 383 1448 posterior
394 1381 541 1450 monologii
558 1399 575 1436 a
586 1383 699 1437 Daniele
711 1384 858 1449 monacho,
875 1384 997 1439 eiusdem
1008 1385 1146 1452 scriptore,
1158 1385 1312 1454 nuncupati,
1331 1386 1366 1440 de

135 1496 191 1548 quo
209 1479 306 1535 dicturi
318 1497 413 1534 sumus
425 1481 460 1534 ad
478 1481 599 1535 codicem
611 1483 651 1546 30,
670 1483 717 1551 qni
737 1482 859 1538 ciusdem
871 1483 1019 1551 monologii
1030 1501 1093 1552 pars
1103 1484 1178 1552 prior
1190 1489 1237 1539 est
1250 1485 1366 1552 Compo-

136 1578 210 1632 nitur
219 1578 264 1632 hic
278 1583 369 1633 tomus
380 1579 605 1646 quaternionibus
616 1581 688 1645 λ’-ξ“;
700 1581 797 1635 ceteris
810 1581 848 1635 α’·
856 1582 899 1635 κθ’
909 1582 978 1637 alter
989 1587 1105 1638 constat.

133 1719 135 1724 .
169 1677 201 1730 In
212 1676 335 1744 margine
348 1677 488 1745 superiore
500 1678 535 1731 ad
547 1677 652 1756 initium
665 1678 832 1746 singularum
844 1679 969 1734 vitarum
988 1680 1183 1734 Orationumve
1202 1680 1316 1748 scriptus
1325 1683 1367 1734 est

133 1791 201 1830 cum
213 1776 270 1830 dies
282 1775 384 1830 mensis
397 1779 456 1830 tum
469 1777 554 1842 λόγος
569 1776 603 1841 α’,
615 1776 645 1842 β’,
657 1777 707 1842 γ’...

132 1909 135 1918 .
169 1873 227 1928 Fol.
246 1875 273 1928 β’
284 1873 313 1928 in
325 1875 447 1942 margine
458 1874 571 1943 legitur:
595 1874 660 1942 μηνί
681 1875 814 1942 ἀπριλλίω
835 1876 868 1942 γ’,
887 1881 939 1930 τοίλ
961 1876 1041 1931 ὁσίου
1054 1876 1159 1945 Ἰωσὴφ
1176 1879 1228 1931 τοῦ
1246 1879 1367 1945 ποιητοῦ

133 1976 214 2042 ζήτει
225 1975 277 2026 τόν
288 1975 376 2039 λόγον
389 1975 479 2027 αὐτοῦ
491 1973 529 2037 είς
540 1972 597 2040 τΙΙΙίΙ
610 1976 662 2028 τοῦ
674 1975 791 2040 πρώτου
811 1974 915 2042 βιβλίου
933 1977 993 2040 λόγ.
1006 1976 1055 2041 κγ’.
1065 2005 1096 2014 -
1108 1975 1165 2030 Fol.
1177 1977 1222 2030 λό’
1233 1995 1240 2029 :
1250 1975 1288 2039 είς
1300 1993 1325 2031 τ.
1336 1977 1368 2042 λ’,
1438 1973 1440 1979 ’

135 2077 189 2128 τοῦ
203 2074 365 2132 ἀποστόλου
379 2072 509 2138 Ἰακώβου
532 2073 608 2139 ζήτει
624 2073 775 2139 τὸνλόγον
796 2074 884 2128 αὐτοῦ
898 2074 970 2140 μαίψ
982 2075 1043 2140 λόγ.
1056 2075 1080 2128 ι’,
1093 2104 1125 2113 -
1137 2074 1195 2128 nol.
1207 2075 1252 2128 46¹
1265 2094 1271 2128 ι
1284 2075 1367 2142 μαίου

134 2174 171 2237 η’,
183 2173 235 2226 τοῦ
248 2171 477 2239 ἀρχιστρατήγου
491 2171 601 2237 Μιχαὴλ
613 2171 689 2240 Ζήτει
709 2171 760 2224 τόν
777 2172 865 2236 λόγον
880 2174 969 2226 αὐτοῦ
981 2171 1019 2240 είς
1040 2174 1074 2226 τό
1093 2174 1173 2237 τέλος
1193 2176 1244 2227 τοῦ
1263 2173 1367 2240 βιβλίου

133 2273 199 2337 λόγ.
210 2271 259 2325 νδ’.
272 2300 303 2308 -
315 2271 372 2324 rol.
385 2269 428 2324 77v
442 2290 448 2323 :
461 2269 498 2333 είς
510 2271 561 2332 τὰς
578 2269 611 2335 γ’,
623 2274 682 2322 τών
694 2269 783 2335 ἁγίων
801 2272 954 2338 μαρτύρων
971 2272 1069 2326 Κώνου
1086 2271 1131 2326 καί
1150 2273 1280 2338 Κόνωνος
1293 2273 1370 2342 Ζὴτει

136 2371 289 2435 τὸνλόγον
301 2370 339 2432 είς
351 2370 401 2432 τὰς
413 2369 438 2434 γ’
450 2369 501 2421 τοῦ
514 2367 598 2434 μαίου
608 2345 763 2435 μηνόςλόγ.
776 2370 845 2424 ζ’.-
854 2370 910 2445 Fol.
923 2371 982 2423 9βέ
995 2369 1032 2434 είς
1047 2387 1074 2423 τ.
1094 2371 1136 2435 ιβ’,
1145 2373 1197 2424 τοῦ
1211 2371 1292 2437 ἁγίου
1305 2373 1369 2455 ἀπο·

134 2468 227 2521 Ἰουδά
240 2467 316 2534 ζήτει
328 2468 379 2520 τόν
394 2467 481 2532 λόγον
494 2467 582 2519 αὺτοῦ
594 2464 633 2529 είς
645 2467 678 2519 τό
692 2466 772 2530 τέλος
784 2468 836 2520 τοῦ
850 2468 969 2534 πρώτου
982 2467 1085 2535 βιβλίου
1098 2469 1159 2535 λόγ.
1171 2469 1220 2535 μς’,
1231 2474 1281 2525 etc.

169 2566 226 2620 rol.
242 2567 303 2622 213·
323 2565 429 2632 depicta
444 2565 563 2634 cernitur
580 2564 683 2632 effigies
702 2545 732 2618 B.
744 2565 778 2618 M.
791 2565 822 2619 V.
833 2565 999 2620 infantulum
1018 2567 1046 2620 in
1067 2568 1170 2637 gremio
1190 2569 1326 2636 habentis,
1342 2575 1370 2625 et

134 2665 166 2719 S.
177 2665 373 2719 Bartholomae
387 2663 510 2727 inferius,
522 2667 615 2717 autem
627 2662 678 2716 viri
690 2663 808 2717 sedentis
821 2667 848 2718 ct
859 2665 960 2719 librum
971 2681 1058 2719 manu
1070 2667 1198 2731 tenentis
1210 2673 1372 2738 sanctosque

133 2763 300 2827 venerantis,
322 2763 399 2818 cuius
419 2778 522 2816 nomen
541 2761 707 2829 adscriptum
728 2766 770 2816 est
785 2763 904 2829 Δανιήλ,
924 2763 996 2818 iilius
1022 2764 1148 2820 videlicet
1169 2766 1216 2834 qui
1237 2768 1369 2834 grandem

133 2864 238 2918 librum
253 2862 383 2916 exaravit.

182 3053 214 3107 1.
236 3043 316 3125 (rol.
340 3043 415 3126 1-3).
441 3041 508 3106 Τοῦ
535 3041 568 3106 ἐν
594 3041 696 3118 ἁγίοις
720 3041 844 3119 πατρὸς
868 3042 959 3120 ἡμῶν
982 3043 1157 3122 Γρηγορίου
1186 3045 1364 3110 ἐπισκόπου

130 3159 388 3237 Νεοκαισαρείας
398 3158 498 3235 λόγος
509 3157 553 3234 εἰς
564 3157 621 3220 τὸν
634 3156 867 3234 εὐαγγελισμὸν
878 3161 936 3234 τῆς
950 3158 1175 3237 παναχράντου
1192 3161 1366 3239 δεσποίνης

131 3277 226 3356 ἡμῶν
243 3274 453 3338 Θεοτόκου.

300 3389 383 3456 P.G.,
396 3388 430 3453 X,
443 3388 562 3443 1145-56.

178 3497 212 3555 2.
236 3489 318 3571 (Fol.
344 3488 442 3570 3-14).
468 3488 565 3550 Νίλου
589 3489 741 3551 ταπεινοῦ
769 3489 912 3566 μοναχοῦ
938 3487 982 3566 εἰς
1007 3489 1065 3553 τὸν
1091 3490 1160 3567 βίον
1183 3495 1243 3554 τοῦ
1268 3491 1363 3556 ὁσίου

129 3607 260 3683 πατρὸς
274 3605 365 3684 ἡμῶν
381 3603 590 3687 Φιλαρέτου
606 3605 665 3665 τοῦ
681 3601 767 3665 νέου.
1132 3605 1133 3608 ’
1219 3605 1320 3687 April.
1334 3607 1364 3672 8.

299 3722 354 3776 Inc.
367 3720 431 3784 Τοῖς
451 3722 502 3785 τῆς
520 3719 623 3784 ἀρετῆς
644 3717 736 3783 φίλοις
754 3716 800 3770 καὶ
820 3721 881 3771 τών
901 3721 995 3772 καλων
1016 3719 1146 3785 ἐρασταῖς
1157 3719 1209 3778 τόν
1220 3725 1273 3775 τοῦ
1285 3721 1363 3776 θείου

268 3819 427 3886 Φιλαρέτου
449 3817 599 3882 ίαιίγγελον
621 3814 680 3882 βίον
701 3845 732 3854 -
753 3816 816 3870 Des.
828 3817 868 3880 ώς
881 3817 915 3869 οὐ
926 3817 1078 3884 πόρρωθεν
1090 3817 1149 3871 ἀλλ’
1158 3817 1278 3884 ἐγγύθεν
1290 3821 1364 3882 ἔκον-

267 3934 314 3983 τες
324 3919 357 3971 τό
367 3917 544 3984 παράδειγμα
555 3915 601 3968 ίνα
613 3914 658 3969 καί
667 3915 720 3969 σὺν
733 3915 853 3979 αὐτοῖς...
863 3915 945 3983 ἀμήν.

299 4015 395 4070 Latine
405 4015 465 4068 Act.
476 4012 538 4079 SS.‚
553 4013 635 4080 April.
644 4014 664 4077 1,
676 4014 779 4067 606-18.

176 4085 212 4182 e.
235 4116 315 4198 (Fol.
333 4114 463 4197 rami).
479 4111 666 4191 Μαρτύριον
680 4115 740 4176 τοῦ
760 4112 854 4189 ἁγίου
871 4113 1157 4193 μεγαλομόρτυρος
1179 4117 1362 4195 Γεωργίου

128 4233 188 4298 καὶ
203 4232 221 4311 ἡ
237 4231 379 4295 πολιτεία
393 4229 502 4292 αὐτοῦ.
1198 4231 1299 4313 April.
1313 4233 1364 4300 23.

300 4346 355 4399 Inc.
367 4344 442 4398 Κατὰ
450 4344 502 4398 τόν
514 4343 613 4410 καιρόν
624 4341 733 4418 ἐκεῖνόν
746 4357 835 4409 φησιν
851 4344 890 4406 ώς
903 4343 944 4396 ὢν
960 4347 1020 4397 τών
1032 4344 1122 4411 ἁγνὴν
1135 4345 1166 4399 ἐκ
1175 4349 1235 4398 τών
1247 4346 1363 4414 ἑβδομή-

266 4460 354 4498 κοντα
366 4442 454 4507 ἁγίων
467 4442 636 4496 ἀποστόλων
656 4469 687 4479 -
706 4441 767 4494 Des.
788 4441 833 4494 ότι
845 4441 929 4504 οὗτός
946 4442 1022 4496 ἐστιν
1036 4443 1069 4496 ὃν
1080 4444 1237 4510 Πρόχωρος
1249 4446 1364 4512 εὐηγγε-

268 4542 367 4597 λίσατο
379 4541 490 4607 πατέρα
501 4539 571 4595 εἶναι
584 4538 732 4606 Γεωργίου.

175 4651 213 4708 4.
236 4640 316 4724 (nol.
334 4639 465 4721 tur-15).
478 4638 559 4716 Περὶ
572 4641 629 4715 τῆς
642 4637 800 4714 ὀπτασίας
814 4640 873 4701 τοῦ
891 4637 992 4716 ὄρους
1006 4643 1072 4704 τῶν
1088 4640 1194 4706 ἐλέων.

300 4756 354 4810 Ιαο.
366 4754 442 4810 Ἀνω
461 4754 511 4819 μὲν
523 4753 591 4816 τοὺς
604 4752 770 4818 ὀφθαλμοὺς
782 4757 841 4807 τών
863 4755 995 4817 διανοιῶν
1012 4755 1092 4822 ἡμῶν
1105 4758 1263 4825 ἀπάραντες
1274 4763 1364 4829 παρη.

268 4871 343 4910 min.
359 4871 442 4919 eoru,
456 4870 481 4908 r.
498 4869 572 4908 xxm.
1217 4860 1234 4914 3
