3558 5746
416 403 466 477 4³0
542 425 745 478 emmaus
771 426 922 478 comeum
946 425 1309 480 HAGIOGRAPHIGORUM
1334 425 1546 480 GRAEGORUM

458 621 517 678 53.
539 612 810 697 (Fol.uu1v-uu3).
831 613 897 678 Τοῦ
921 613 1013 690 ἁγίου
1037 615 1201 695 μάρτυρος
1223 615 1404 692 Ἀνδρέου
1426 617 1487 679 τοῦ
1509 630 1637 692 στρατη-

415 728 527 792 λάτου.
1501 729 1582 810 Aug.
1595 728 1637 792 19.

580 843 705 897 1ιια.Τόν
724 844 882 910 θαυμάσιον
901 841 1034 910 Ἀνδρέαν
1052 845 1103 898 τόν
1121 845 1320 912 στρατηλάτην
1340 844 1474 910 μέγιστον
1495 843 1565 897 ὄντα
1583 846 1637 906 ταῖς

547 941 633 1005 θείαις
641 943 753 1009 ἀρεταῖς
762 942 964 1009 καίπερίδοξον
972 943 1070 996 -ὓεο,
1082 942 1127 996 καί
1135 947 1188 996 νῦν
1195 945 1256 1007 ταῖς
1269 943 1412 1010 οὐρανίαις
1421 946 1635 1011 φιλοχοροῦντες

548 1043 661 1108 σκηναῖς
673 1041 751 1108 νέμοι
767 1058 798 1096 τε
809 1041 892 1095 παντί
903 1046 945 1108 τῷ
958 1040 1084 1095 αἰτοῦντι
1095 1042 1210 1109 τὰπρός
1223 1040 1369 1108 σωτηρίαν
1382 1042 1548 1110 αἰτήματα...
1561 1042 1636 1108 ἀμήν.

458 1146 517 1204 54.
540 1139 620 1222 (Ful.
635 1140 798 1224 223-227).
824 1140 1010 1219 Μαρτῦριον
1025 1145 1082 1218 τῆς
1098 1140 1189 1218 ἁγίας
1210 1142 1373 1220 μάρτυρος
1394 1141 1580 1218 Φωτίνης,
1603 1140 1638 1218 ἧς

416 1254 611 1333 ὡμίλησενδ
627 1255 742 1333 Κύριος
757 1255 850 1336 ἐντῷ
873 1256 988 1334 φρέατι
1010 1257 1145 1324 καὶτῶν
1167 1257 1231 1319 σὺν
1253 1257 1332 1338 αὐτῇ
1355 1255 1637 1334 μαρτυρησάντων.

1495 1362 1547 1427 Au
1572 1363 1637 1427 ,ῦῦ

582 1469 638 1522 Ιπο.
651 1469 780 1535 Νέρωνος
792 1472 844 1522 τοῦ
854 1468 1002 1535 Ῥωμαίων
1014 1471 1148 1537 βασιλέως
1166 1473 1295 1537 δόγματα
1312 1471 1384 1524 κατὰ
1394 1382 1569 1537 χριστιανιῦὲ
1576 1471 1640 1536 μετὰ

548 1568 602 1634 τήν
613 1546 770 1634 μαρτυρίαν
781 1573 840 1621 των
853 1568 998 1636 μακαρίων
1010 1571 1180 1624 ἀποστόλων
1192 1599 1224 1607 -
1244 1569 1305 1623 [λοι.
1323 1569 1368 1624 καὶ
1381 1571 1479 1637 μύροις
1492 1571 1640 1637 κηδεῦσαν-

549 1682 596 1730 τες
608 1666 638 1720 έν
648 1667 728 1733 τόπιμ
741 1667 867 1733 ἐπισήμῳ
879 1668 1058 1723 κατέθεντο...
1071 1669 1153 1735 όμήν.

458 1763 806 1848 55.(F01.uu7-233).
834 1765 901 1830 Τοῦ
930 1765 964 1830 έν
990 1765 1091 1844 ἁγίοις
1116 1766 1239 1845 πατρὸς
1268 1767 1359 1845 ἡμῶν
1389 1765 1636 1845 ἀρχιεπισκόπου

417 1879 537 1958 Κρήτης
550 1881 609 1943 τοῦ
626 1878 880 1958 Ἱεροσολυμίτου
897 1879 1055 1958 ἐγκώμιον
1074 1881 1119 1958 είς
1134 1882 1190 1945 τὸν
1206 1879 1298 1955 ἅγιον
1319 1881 1508 1945 ἀπόστολον
1530 1881 1639 1944 Τίτον

415 1993 577 2072 πρόεδρον
592 1993 725 2071 Κρήτης.
740 1993 859 2058 :Bu
1495 1995 1579 2077 Aug.
1593 1993 1637 2057 βό.

456 2114 516 2174 56.
542 2106 814 2191 (Fouussss-ufuv).
829 2108 895 2173 Τοῦ
918 2109 1074 2188 μακαρίου
1097 2110 1274 2188 Θεοδώρου
1298 2111 1522 2189 πρεσβυτέρου
1545 2109 1639 2188 ἡγου-

416 2223 514 2302 μένου
529 2227 632 2302 μονῆς
649 2226 709 2286 τοῦ
730 2224 889 2287 Στουδίου
913 2225 963 2289 καὶ
984 2228 1043 2288 τοῦ
1066 2226 1314 2304 Σακκουδίωνος
1336 2226 1493 2305 ἐγκώμιον
1517 2225 1562 2302 εἰς
1583 2225 1638 2292 τὸν

415 2337 507 2416 όγιον
520 2337 707 2403 ἀπόστολον
722 2339 1020 2418 Βαρθολομαῖον.
1035 2373 1073 2391 =
1090 2341 1152 2405 Bu.
1495 2341 1580 2422 Aug.
1594 2339 1639 2404 25.

579 2453 641 2506 Des.
658 2453 702 2507 καί
714 2457 766 2506 τοῦ
778 2453 956 2520 ὑμνήσαντός
967 2468 998 2508 σε
1011 2455 1056 2507 διὰ
1068 2454 1193 2521 βραχέως
1203 2455 1288 2520 όγαν·
1302 2455 1333 2508 έν
1344 2455 1484 2521 Χριστῷ...
1496 2454 1580 2520 ἀμήν.

456 2559 515 2616 57.
538 2550 904 2634 (F01.235v-uuuv).100
920 2552 954 2616 έν
969 2553 1072 2630 ἁγίοις
1092 2553 1216 2630 πατρὸς
1237 2552 1328 2631 ἡμιῦν
1344 2552 1497 2631 Ἀνδρέου
1514 2552 1643 2634 έπισκόῖ,

414 2666 481 2729 που
497 2665 618 2744 Κρήτης
632 2665 731 2744 λόγος
746 2665 790 2743 εἰς
803 2668 862 2744 τὴν
877 2667 1042 2745 ἀποτομὴν
1056 2670 1115 2731 τοῦ
1134 2667 1379 2746 Προδρόμου.
1497 2667 1583 2750 Aug.
1594 2665 1640 2730 29.

582 2777 665 2848 μα,
680 2780 784 2845 xuvu,
797 2781 948 2836 ιιιοιιιι.

456 2883 517 2944 58.
540 2877 621 2961 (Ful.
635 2877 826 2962 Μῦν-βῶν).
842 2878 1000 2959 Εὐσεβίου
1016 2881 1088 2958 περὶ
1103 2885 1159 2960 τῆς
1173 2881 1358 2960 παρουσίας
1384 2880 1562 2945 Ἰωάννου
1587 2881 1640 2944 τοῦ

414 2993 604 3073 προδρόμου
621 2993 664 3070 εἰς
678 2994 735 3059 τὸν
750 2993 831 3076 ᾅδην
846 2997 897 3058 καὶ
910 2996 982 3074 περὶ
996 2999 1061 3061 τῶν
1079 2995 1141 3060 ἐκεῖ
1153 2996 1267 3060 ὄντων.

578 3099 806 3167 Ιπο.Ἀναγκαῖόν
817 3102 893 3156 ἐστιν
904 3103 993 3157 πολὺν
1005 3104 1107 3166 (πόλιν)
1121 3103 1246 3170 σήμερον
1254 3107 1307 3157 τοῦ
1321 3104 1422 3170 πρώην
1435 3104 1523 3168 λόγου
1533 3103 1571 3156 τὰ
1583 3102 1643 3156 ἀκόι

547 3201 638 3252 λουθα
649 3200 825 3267 διασαφῆσαι
835 3201 907 3267 ἡμᾶς
922 3230 955 3239 -
967 3201 1030 3254 Des.
1042 3200 1100 3255 ἀλλ’
1112 3202 1184 3268 ἡμᾶς
1196 3203 1212 3254 δ
1224 3202 1324 3268 Κύριος
1337 3202 1367 3256 έκ
1378 3206 1430 3255 τοῦ
1442 3202 1534 3267 πυρός
1546 3202 1642 3255 ἀνεκα-

549 3297 652 3352 λέσατο
665 3300 710 3351 διὰ
720 3303 772 3353 τοῦ
783 3298 855 3352 ίδίου
866 3300 975 3364 πόθους
988 3299 1033 3354 καί
1046 3303 1096 3367 τής
1108 3301 1220 3366 χόριτος
1229 3305 1282 3354 τοῦ
1295 3300 1388 3367 τιμίου
1398 3305 1552 3368 σταυροῦ...
1566 3300 1643 3368 ἀμήν.

457 3402 517 3461 59.
540 3395 620 3479 (Fol.
634 3395 809 3480 uui-mv).
824 3397 1043 3477 ’Ἀποκάλυψις
1058 3401 1118 3462 τοῦ
1135 3397 1227 3476 ἁγίου
1243 3399 1294 3462 καὶ
1308 3399 1508 3465 πανενδόξου
1525 3397 1641 3479 ἀρχαγ·

416 3493 513 3588 γέλου
542 3510 685 3590 Μιχαὴλ
714 3511 981 3590 ἀποκαλυφθεῑσά
1007 3534 1104 3579 τινων
1133 3514 1320 3578 ἐπισκόπων
1349 3514 1383 3579 ἐν
1414 3514 1545 3593 ἡμέραις
1578 3515 1642 3577 Σιλ-

418 3625 557 3704 βὲστρου
578 3626 638 3688 τοῦ
660 3623 839 3701 ἁγιωτάτου
862 3627 913 3689 καὶ
934 3627 1153 3691 ἀποστολικοῦ
1177 3627 1374 3707 πατριάρχου
1396 3632 1454 3706 τῆς
1477 3625 1642 3704 Ῥωμαίων

417 3741 676 3819 μεγαλοπόλεως.

583 3848 638 3902 lnc.
648 3848 839 3915 Ἀποκόλυψιν
848 3848 934 3913 θείαν,
943 3848 1097 3917 ἀγαπητοί,
1106 3848 1152 3904 καί
1163 3849 1242 3917 ἱερόν
1250 3849 1381 3917 ἐξήγησιν
1391 3847 1477 3903 εἰπὼν
1486 3849 1642 3916 ὑπόμνησιν

550 3947 728 4013 βραχυτάτην
741 3948 875 4013 βούλομαι
892 3947 1022 4002 ἐκθέσθαι
1040 3977 1071 3986 -
1091 3948 1153 4002 Des.
1173 3948 1360 4015 ἁμαρτωλοὺς
1372 3949 1423 4014 μέν
1434 3947 1590 4014 φλέγοντες
1602 3945 1644 4000 καί

551 4044 746 4113 μαστίζοντες,
755 4045 879 4111 δικαίους
892 4048 923 4100 δέ
933 4046 1118 4114 καθαίροντες
1131 4047 1176 4100 καὶ
1188 4052 1426 4115 στεφανοῦντες...
1438 4047 1519 4114 ἀμήν.

460 4150 518 4210 60.
541 4143 622 4227 (Ful.
643 4145 832 4229 βδέω-βίων).
855 4146 929 4223 Βίας
954 4146 1004 4209 καὶ
1027 4147 1169 4210 πολιτεία
1193 4148 1252 4210 τοῦ
1278 4146 1375 4209 ὁσίου
1401 4146 1526 4223 πατρὸς
1551 4145 1673 4241 ἡμῶν·

417 4257 543 4322 Λουκόί
557 4257 735 4322 ἐπισκόπου
751 4257 909 4323 Ἀσύλων.

584 4365 640 4419 1ιια.
650 4363 739 4420 Ἄξιον
750 4363 820 4420 εἶναι
830 4367 976 4433 ἡγούμεθα
994 4367 1069 4433 βίους
1090 4367 1215 4433 εὐσεβῶν
1226 4369 1272 4420 καί
1283 4365 1372 4432 ἁγίων
1383 4365 1517 4433 πατέρων
1528 4365 1559 4420 εῦ
1572 4365 1643 4431 μάλα

549 4469 651 4531 σαφως
664 4464 831 4531 ἀνιστορεῖν.
843 4493 875 4504 -
893 4465 925 4519 ln
936 4465 1033 4520 ultimo
1053 4464 1119 4521 solio
1131 4466 1200 4529 (250)
1213 4466 1303 4518 lacero
1320 4465 1446 4533 leguntur
1466 4463 1598 4519 miracula
1618 4466 1643 4517 εί

549 4564 670 4618 clausula
680 4563 767 4629 Vitae,
778 4580 848 4632 quae
857 4564 964 4618 videtur
983 4565 1009 4618 S.
1016 4564 1120 4642 Lucae,
1137 4564 1186 4617 sed
1204 4579 1249 4618 res
1268 4563 1418 4618 admodum
1435 4567 1511 4617 certa
1526 4565 1643 4617 nonest.

548 4662 598 4716 His
605 4661 696 4717 verbis
707 4662 840 4717 clauditur
850 4661 934 4717 liber:
945 4661 989 4717 καί
998 4664 1101 4731 όιφεσιν
1111 4663 1246 4730 λαβόντες
1255 4668 1315 4716 των
1325 4662 1470 4730 ἁμαρτιῶν
1479 4663 1642 4728 ἀξιωθῶμεν

422 4779 427 4786 ’
484 4785 485 4792 ¹
549 4763 600 4827 τής
611 4765 670 4814 των
681 4760 824 4829 οῦρανίων
836 4763 925 4834 δεξιᾶς
935 4762 1059 4830 μερίδος,
1070 4761 1228 4829 πρεσβείαις
1236 4761 1353 4816 πόντων
1365 4767 1424 4816 των
1436 4760 1549 4827 ἁγίων...
1561 4759 1643 4826 ἀμήν.
