3558 5746
358 475 614 530 Βιοωοτιιπαιιιι
640 476 902 530 ωιινκιιαιτλπιε
927 473 1169 533 υπεειινωιειε.
1327 457 1372 531 67

191 672 227 730 6.
250 665 330 749 (Fol.
348 666 463 750 19-96).
479 666 664 745 Μαρτάριον
678 669 737 730 τοῦ
753 667 845 744 ἁγίου
862 665 1049 731 ἀποστόλου
1068 669 1120 731 καὶ
1141 669 1372 747 πρωτοκλήτου

150 783 316 862 Ἀνδρέα.
335 815 374 834 =
390 783 467 847 30²⁵.

193 915 227 971 7.
250 907 330 990 (F-ol.
341 907 460 991 96-30).
476 906 661 984 Μαρτῦριον
675 911 731 985 τῆς
747 906 836 984 άγίας
854 907 1137 987 μεγαλομάρτυρος
1159 911 1218 972 τοῦ
1234 908 1374 989 Χριστοῦ

155 1024 366 1102 Βαρβάρας.
380 1053 421 1075 =
438 1022 500 1086 Bl.
836 1035 837 1040 ’

315 1139 376 1192 Des.
387 1138 425 1202 εἰς
439 1139 523 1194 δόξαν
534 1140 586 1192 τοῦ
597 1139 818 1205 παντοδυνάμου
828 1139 913 1193 Θεοῦ·
924 1139 1156 1203 Οὐαλεντινιανός
1166 1139 1198 1194 δέ
1205 1156 1246 1204 τις
1257 1139 1377 1208 εὐλαβὴς

282 1240 326 1294 καί
336 1241 513 1307 φοβοῦμενος
522 1241 573 1293 τόν
584 1240 656 1294 θεὸν
699 1240 816 1294 ἀνέθετο
829 1239 858 1292 έν
870 1240 951 1306 τόπῳ
964 1239 1128 1308 καλουμένῳ
1140 1239 1313 1295 Ἡλιουπόλει
1325 1244 1377 1307 τῆς

281 1341 371 1406 νήσου
385 1340 415 1394 ἐν
426 1338 598 1403 Χαλασίοις...
612 1339 694 1406 ἀμήν.

195 1446 229 1503 8.
253 1439 332 1521 (λὀλ
358 1438 476 1521 30-35).
504 1439 571 1502 Τοῦ
601 1438 756 1516 μακαρίου
786 1437 938 1516 Ἀνδρέου
969 1438 1218 1518 άρχιεπισκόπου
1252 1439 1374 1519 Κρήτης

150 1556 307 1634 ἐγκώμιον
323 1554 367 1630 εἰς
382 1555 438 1617 τὸν
454 1553 547 1618 ὅσιον
561 1555 683 1632 πατέρα
696 1554 786 1632 ἡμῶν
802 1553 1002 1618 Νικόλαον.
1017 1585 1058 1607 =
1071 1554 1133 1618 B8.

192 1679 226 1735 9.
249 1669 329 1751 (Fol.
345 1668 477 1752 35-351).
493 1668 608 1747 Θαῦμα
622 1668 692 1745 περὶ
706 1673 772 1733 τῶν
791 1668 825 1733 ἐν
847 1668 975 1758 πελάγει
999 1669 1281 1748 κλυδωνιζομένων
1302 1689 1378 1735 ναυ-

153 1778 220 1851 Ιτῶν
236 1787 285 1849 καὶ
299 1785 386 1863 παρὰ
400 1787 459 1847 τοῦ
476 1785 568 1861 ἁγίου
586 1784 783 1864 ῥυσθέντων.

315 1900 369 1954 Ine.
390 1899 495 1955 Ναῦταί
506 1915 579 1962 τινες
598 1899 651 1966 τὴν
674 1901 819 1953 θάλασσαν
842 1900 1020 1963 διαπλέοντες
1041 1898 1087 1953 καὶ
1111 1903 1196 1967 ζαλής
1215 1902 1320 1970 πολλῆς
1333 1899 1380 1955 καί

283 1999 428 2068 τρικυμίας
448 2028 481 2038 -
501 2000 561 2053 Des.
583 2000 710 2066 ἀπῆλθον
730 2001 896 2063 δοξάζοντες
909 1997 954 2053 καί
974 2000 1206 2065 εὐχαριστοῦντες
1216 2001 1268 2054 τόν
1281 2002 1378 2067 φιλάν-

285 2104 401 2166 θρωπον
411 2100 508 2154 Θεὸν...
521 2099 603 2165 άμήν.

197 2216 252 2273 10.
276 2207 356 2287 (nol.
372 2206 505 2288 351-36).
515 2205 651 2283 Ἕτερον
667 2209 773 2285 θαῦμα
786 2206 856 2284 περὶ
872 2208 930 2269 τοῦ
948 2206 1053 2270 σίτου.

319 2323 374 2376 Ine.
385 2321 468 2375 Σίτου
480 2323 551 2375 ποτέ
563 2320 714 2388 λείψαντος
726 2321 756 2374 ἐν
775 2327 809 2388 τη,
822 2323 901 2390 χώρᾳ
919 2321 1073 2376 Λυκίων-
1090 2322 1152 2376 Des.
1172 2321 1208 2376 δι’
1227 2323 1378 2387 ἐντεύξεως

286 2424 337 2475 τοῦ
350 2420 430 2475 δσίου
443 2421 550 2487 πατρὸς
562 2421 642 2487 ἡμων
652 2420 789 2475 Νικολάου
801 2422 853 2475 τοῦ
866 2422 955 2474 αὑτοῦ
968 2420 1167 2487 θεράποντος...
1180 2421 1261 2487 ἀμήν.
1364 2417 1373 2441 “’

199 2537 256 2592 11.
280 2527 360 2609 (Pol.
375 2525 507 2610 361-49).
523 2526 590 2590 Τοῦ
605 2526 640 2591 ἐν
655 2527 756 2603 ἁγίοις
770 2527 893 2604 πατρὸς
908 2526 1000 2605 ἡμῶν
1015 2526 1164 2592 Ἰωάννου
1180 2527 1378 2608 άρχιεπισκό-

155 2655 219 2700 που
250 2634 620 2712 Κωνσταντινουπόλεως
646 2637 704 2698 τοῦ
734 2633 970 2714 Χρυσοστόμου
995 2634 1095 2712 λόγος
1120 2635 1164 2714 εἰς
1192 2635 1271 2713 τοὺς
1295 2638 1381 2715 τρεῖς

156 2754 273 2829 παῖδας
289 2751 339 2814 καὶ
353 2749 397 2828 εἰς
414 2752 472 2828 τήν
488 2751 713 2828 Βαβυλωνικήν
727 2749 867 2827 κάμινον.

298 2875 301 2882 ’
321 2862 403 2930 P.G.‚
417 2863 484 2928 LVI,
494 2865 613 2924 599600.

199 2975 254 3038 122
278 2970 510 3055 (70149491).
526 2971 702 3049 Γρηγορίου
718 2970 967 3050 άρχιεπισκόπου
991 2970 1166 3037 Ναζιανζοῦ
1190 2974 1248 3036 τοῦ
1270 2971 1382 3036 θεολό-

152 3111 216 3168 γου
232 3089 331 3165 λόγος
346 3087 390 3165 εἰς
403 3087 441 3151 τὸ
456 3087 618 3163 γενέθλιον
633 3087 692 3150 τοῦ
708 3086 824 3164 Κυρίου
841 3087 932 3166 ἡμῶν
946 3083 1073 3165 Ἰησοῦ
1085 3071 1277 3166 Χριστοῦ.
1358 3081 1361 3088 ⁴

318 3202 401 3269 P.G.‚
414 3202 535 3265 XXXVI,
552 3203 654 3256 31933.

198 3323 254 3380 13.
277 3311 522 3395 (Ρολ491-591).
538 3310 686 3376 Ἰωάννου
703 3313 845 3390 μοναχοῦ
861 3310 911 3374 καὶ
925 3310 1148 3392 πρεσβυτέρου
1168 3311 1264 3391 Εὐίας
1278 3315 1379 3391 λόγος

152 3427 481 3509 εἰςτὰᾶγιανήπια.

318 3541 649 3610 1³.G.‚xcv1,1501-505.

199 3659 254 3716 14.
278 3650 359 3733 (Fol.
373 3649 525 3732 691-731).
541 3648 747 3727 Ἀμφιλοχίσυ
762 3648 940 3712 ἐπισκόπου
957 3649 1088 3714 Ἰκονίου
1104 3651 1149 3729 εἰς
1164 3651 1222 3717 τόν
1238 3652 1307 3731 βίον
1329 3654 1382 3717 καί

149 3769 195 3834 τὰ
224 3768 369 3846 θαύματα
397 3767 456 3829 τοῦ
486 3765 582 3828 ὁσίου
611 3764 733 3842 πατρὸς
768 3764 859 3842 ἡμῶν
895 3765 1094 3831 Βασιλείου
1129 3767 1378 3846 άρχιεπισκόπου

150 3883 343 3962 Καισαρείας
360 3881 596 3958 Καππαδοκίας.
612 3911 652 3933 =
666 3879 729 3945 Β4.

320 3995 381 4047 Des.
394 3991 607 4060 συγγραφείσας
619 3991 685 4058 παρ’
697 3991 785 4046 αὐτοῦ
797 3989 915 4057 βίβλους.
930 4021 961 4030 -
973 3992 1069 4046 Insunt
1080 3993 1203 4048 rubricae
1215 4000 1361 4064 sequentes
1374 4016 1381 4052 ι

287 4092 358 4160 Περί
369 4095 421 4146 τοῦ
433 4090 547 4159 ἑβραίου
559 4093 611 4145 τοῦ
629 4091 785 4157 γενομένου
804 4093 973 4158 κριστιανοῦ.
994 4121 1025 4130 -
1046 4091 1117 4159 Περὶ
1127 4095 1179 4147 τοῦ
1191 4095 1310 4159 γυναίου
1328 4101 1380 4150 τοῦ

289 4194 418 4256 διδόντος
433 4192 527 4255 τέλος.
546 4219 577 4229 -
597 4189 668 4257 Περί
688 4193 740 4244 τοῦ
761 4191 957 4257 ἀρνησαμένου
971 4191 1153 4258 τὸνΧριστὸν
1172 4193 1382 4262 ἐγγράφως.-

288 4291 359 4359 Περὶ
371 4293 423 4345 τοῦ
434 4290 629 4357 πρεσβυτέρου
641 4289 835 4344 Ἀναστασίου.
847 4319 878 4328 -
890 4289 960 4357 Περί
966 4289 1084 4357 Ἐφραίμ
1096 4294 1147 4346 τοῦ
1159 4293 1259 4359 Σῦρου.
1271 4323 1303 4332 -
1311 4294 1383 4361 Περλ

288 4395 338 4459 τῆς
351 4391 487 4454 ἐλεύσεως
500 4387 711 4454 τωνἈριανιῦν.
723 4417 755 4426 -
774 4387 845 4455 Περί
856 4391 907 4455 τῆς
921 4389 1054 4454 γυναικὸς
1071 4393 1122 4456 τῆς
1134 4392 1285 4459 γραψάσης
1298 4393 1327 4446 ἐν
1339 4398 1381 4461 τῷ

288 4491 376 4557 χάρτη
389 4489 438 4552 τάς
451 4486 587 4554 ἁμαρτίας
600 4488 696 4552 αὐτῆς.
708 4514 740 4523 -
751 4484 822 4552 Περὶ
833 4485 937 4552 Ἰωσὴφ
949 4487 1001 4541 τοῦ
1014 4486 1137 4553 ἑβραίου.

200 4606 258 4664 15.
281 4597 360 4680 (Fol.
376 4596 508 4679 74-76v).
523 4594 673 4660 ’Ἰωάννου
690 4593 941 4674 άρχιεπισκόπου
958 4596 1017 4659 τοῦ
1029 4594 1267 4676 Χρυσοστόμου
1283 4598 1383 4676 λόγος

156 4717 206 4796 εἰς
219 4716 258 4780 τὸ
274 4713 364 4792 ἅγιον
381 4712 549 4793 βάπτισμα.

324 4826 405 4894 M„
419 4826 509 4890 XLIX,
518 4826 636 4881 805-808.
