3558 5746
345 404 604 458 BIBLIOTHEGAE
631 407 894 459 UNIVERSITATIS
920 408 1163 462 MESSANENSIS.
1319 391 1363 462 31

181 601 236 658 11.
263 593 343 675 (Fol.
372 593 543 676 mov-202>
569 593 755 670 Μαρτύριον
780 595 845 657 τῶν
871 591 971 668 ἁγίων
995 594 1285 672 τεσσαράκοντα
1306 598 1364 659 τοῦ

139 708 281 785 Χριστοῦ
297 708 505 788 μαρτύρων.

299 821 353 876 Ine.
375 821 437 882 Εἶχε
458 822 508 887 μὲν
526 821 563 876 τὰ
572 819 719 886 Ῥωμαίων
737 825 867 888 σκῆπτρα
887 821 1022 887 Λικίννιος
1040 825 1055 876 ό
1072 825 1199 890 βασιλεὺς
1211 827 1270 877 τῶν
1281 826 1366 878 πάλαι

267 920 511 988 παρανομώτατός
534 935 565 974 τε
590 920 635 972 καλ
658 921 884 986 δυσσεβέστατος
905 950 936 958 -
957 922 1017 976 DeS.
1043 923 1135 986 οὕτως
1158 924 1209 976 οίιν
1235 925 1364 978 συλλεξά-

271 1037 348 1088 μενοι
371 1025 462 1074 ταῦτα
485 1019 530 1074 καί
555 1023 690 1087 καθαραῖς
720 1021 816 1090 θήκαις
845 1022 1062 1090 ἐγκαταθέμενοι
1085 1027 1210 1077 πλοῦτον
1233 1025 1363 1078 ἀσυλον...

266 1121 347 1186 ἀμήν.

176 1240 232 1298 12.
257 1233 337 1314 (Fol.
352 1233 528 1315 QOQWV).
544 1233 703 1310 Διήγησις
725 1231 889 1310 ὠφελιμὸς
909 1233 943 1295 ἐκ
964 1236 1099 1311 παλαιᾶς
1123 1234 1270 1312 ἱστορίας
1286 1237 1362 1298 συλ-

132 1351 261 1424 λεγεῖσα
276 1349 326 1410 καὶ
348 1348 526 1425 ἀνάμνησιν
548 1349 696 1424 δηλοῦσα
712 1348 771 1410 τοῦ
794 1348 988 1424 παραδόξως
1002 1350 1177 1426 γενομένου
1194 1349 1358 1427 θαύματος

131 1464 224 1541 ἡνίκα
236 1463 362 1540 Πέρσαι
378 1464 428 1525 καί
444 1463 599 1552 βάρβαροι
613 1464 671 1540 την
698 1461 844 1541 βασιλίδα
865 1462 983 1541 ταύτην
1004 1465 1131 1529 πόλεων
1153 1464 1362 1541 περιεκόκλω-

139 1594 214 1643 σαν·
240 1578 270 1641 οἱ
296 1580 345 1641 καὶ
371 1577 540 1642 ἀπώλοντο
563 1579 649 1654 θείας
671 1578 759 1655 δίκης
782 1579 1000 1655 πειραθέντες·
1026 1580 1044 1658 ἡ
1072 1580 1107 1642 δέ
1131 1580 1224 1660 πόλις
1246 1579 1360 1657 ἀσινὴς

134 1697 374 1772 συντηρηθείσα
394 1693 577 1772 πρεσβείαις
598 1697 655 1770 τῆς
678 1693 872 1757 Θεοτόκου
896 1693 1034 1772 ἐπγσίως
1053 1695 1161 1759 ἔκτοτε
1182 1693 1249 1778 ᾅδει
1272 1696 1361 1774 εὐχα-
1383 1746 1386 1752 .

133 1809 307 1887 ριστήριον,
321 1810 494 1872 ἀκάθιστον
510 1811 566 1885 τήν
581 1808 701 1887 ἡμέραν
717 1808 992 1886 κατονομάζουσα.
1007 1841 1048 1861 =
1062 1809 1145 1873 1359.

175 1947 233 2004 13.
259 1939 338 2023 (Fol.
366 1939 543 2023 213-237v).
577 1940 651 2017 Βίος
680 1940 730 2002 καὶ
758 1941 899 2005 πολιτεία
927 1945 984 2018 τῆς
1010 1941 1103 2017 ὁσίας
1133 1941 1279 2019 Μαρίας
1303 1945 1360 2018 τῆς

127 2055 301 2133 Αἰγυπτίας
315 2060 372 2133 τῆς
388 2056 451 2119 ἀπὸ
468 2056 633 2132 ἑταιρίδων
649 2055 752 2132 ὁσίως
768 2055 963 2132 ἀσκησάσης
977 2056 1056 2120 κατὰ
1066 2058 1124 2133 τήν
1136 2057 1356 2134 ἔρημονεΒ.

1192 2171 1302 2253 [April.
1320 2172 1358 2250 1].

175 2313 232 2368 14.
256 2304 335 2384 (Fol.
349 2304 524 2386 2382550.
539 2302 605 2367 Τοῦ
628 2303 663 2367 ἐν
685 2303 786 2379 ἁγίοις
807 2304 931 2380 πατρὸς
953 2303 1044 2380 ἡμῶν
1067 2303 1244 2380 Ἀνδρέου
1269 2303 1354 2383 ἀρχι-

130 2420 310 2483 επισκόπου
341 2420 461 2497 Κρήτης
490 2421 548 2482 τοῦ
579 2417 824 2496 ἱεροσολυμίτου
851 2416 950 2495 λόγος
980 2418 1024 2494 εἰς
1052 2418 1109 2482 τὸν
1137 2418 1353 2496 τετραήμερον

129 2534 286 2612 Λάζαρον.

293 2630 375 2698 P.G.‚
388 2631 493 2692 XCVII,
505 2633 608 2685 960-85.

171 2755 225 2812 15.
250 2745 722 2829 (F01.256-274v).mapr13910v
745 2748 802 2808 τοῦ
828 2745 920 2821 ἁγίου
936 2746 1220 2824 μεγαλομάρτυρος
1241 2747 1357 2824 Γεωρε

125 2861 228 2936 γίου.
244 2861 363 2925 =B1.
1192 2859 1293 2941 April.
1305 2861 1356 2924 23.

174 3001 230 3056 1θ.
255 2992 532 3074 (F01274v-280v).
544 2988 720 3067 Ἐγκώμιον
733 2987 777 3065 εἰς
788 2989 845 3052 τὸν
857 2987 949 3063 άγιον
960 2987 1174 3066 ίερομάρτυρα
1191 2989 1355 3053 Βασιλέα

127 3110 380 3189 ἀρχιεπίσκοπον
395 3105 711 3186 Ἀμασείας--Ββλ
1190 3100 1356 3186 Αρτίίβό.

172 3240 533 3324 17.(F01.281-317v).
560 3239 634 3315 Βίος
662 3238 712 3301 καὶ
741 3236 882 3301 πολιτεία
907 3239 965 3299 τοῦ
992 3236 1088 3299 ὁσίου
1114 3237 1237 3314 πατρὸς
1263 3239 1355 3317 ἡμῶν
1417 3207 1420 3214 ⁴

119 3357 342 3436 Ἀρσενίου.
710 3358 713 3366 ’
1238 3352 1311 3416 Μαί.
1327 3352 1356 3415 8.

290 3482 345 3534 Ine.
358 3480 439 3534 Ἀλλὰ
450 3484 509 3532 τῶν
522 3477 687 3532 σπουδαίων
708 3477 763 3542 ἄρα
776 3475 820 3529 καί
841 3475 1003 3541 φιλαρέτων
1020 3476 1134 3541 ἀνδρῶν
1155 3475 1183 3528 αἱ
1199 3477 1355 3543 πράξεις-

258 3581 319 3633 Des,
339 3580 473 3645 ταὺτητοι
493 3577 538 3630 καί
558 3579 738 3643 μαρτυρικῶν
759 3574 913 3640 στεφάνων
935 3573 979 3627 καί
999 3574 1095 3626 ἄθλων
1111 3573 1236 3640 ἠξίωται·
1249 3574 1283 3626 οὓ
1295 3576 1354 3636 ταῖς

258 3676 415 3744 πρεσβείαις
428 3676 609 3742 ἀξιωθείημεν
622 3673 667 3727 καὶ
679 3675 783 3740 ἡμεῖς...
797 3673 878 3738 ἀμήν.

291 3775 387 3830 Ιιαίίτιε
399 3776 537 3837 mmmm,
548 3773 592 3835 VI,
607 3774 672 3825 1-9'.

170 3899 226 3956 18.
250 3889 519 3972 (F01.317v-330).
535 3887 720 3965 Μαρτόριον
742 3888 807 3949 τῶν
830 3885 930 3962 ἁγίων
952 3883 1002 3946 καὶ
1023 3883 1166 3948 ἐνδόξων
1183 3884 1355 3962 μαρτύρων

123 4007 321 4083 Μανουήλ,
343 4007 462 4082 Σαβὲλ
488 4003 539 4065 καὶ
560 4001 707 4080 Ἰσμαὴλ
730 3998 1006 4078 μαρτυρησάντων
1028 3997 1078 4060 ἐπὶ
1099 3998 1272 4063 Ἰουλιανοῡ
1295 4002 1353 4063 τοῦ

122 4119 324 4200 παραβάτου.
341 4150 381 4172 =
396 4118 459 4181 Ββ.
776 4179 783 4192 ,
1222 4113 1289 4176 Iun.
1308 4113 1354 4177 17.

171 4259 226 4316 19.
251 4250 331 4334 (Fol.
353 4249 513 4332 330-350).
539 4247 612 4324 Βίας
640 4248 699 4309 τοῦ
724 4246 819 4310 ὁσίου
841 4244 964 4322 πατρὸς
985 4244 1076 4322 ἡμῶν
1101 4246 1266 4322 Σαμψὼν
1292 4247 1351 4307 τοῦ

123 4369 311 4446 ξενοδόχου.
329 4396 369 4416 =
384 4365 420 4429 B.
702 4441 704 4446 Ι
1223 4359 1290 4421 Iun.
1304 4359 1354 4423 27.

168 4507 229 4566 20.
254 4497 333 4579 (Fol.
349 4496 523 4577 350-368v).
540 4493 726 4571 Ὑπόμνημα
742 4491 955 4572 διαλαμβάνον
982 4494 1117 4569 μερικῶς
1132 4489 1211 4566 τοὺς
1227 4489 1355 4568 ἀγῶνας

123 4614 178 4680 καὶ
194 4611 274 4676 άθλα
289 4610 338 4673 καὶ
355 4609 534 4687 ἀποδημίας
549 4607 599 4670 καὶ
614 4607 776 4670 τελείωσιν
792 4609 857 4670 τῶν
874 4605 972 4684 ἁγίων
991 4605 1041 4668 καὶ
1063 4603 1254 4682 κορυφαίων
1277 4605 1356 4668 ἁπο-

123 4729 256 4795 στόλων
270 4725 421 4803 Πέτρου
437 4725 486 4788 καὶ
501 4723 673 4787 Παύλου.
688 4751 728 4772 =
743 4721 768 4784 B
781 4720 810 4785 3.
1220 4719 1288 4784 Iun.
1302 4718 1352 4784 29.
