3558 5746
424 446 470 520 w
547 469 751 522 CATALOGUS
777 469 927 520 CODICUM
952 441 1313 520 Hnntonnnpfflconnn
1340 468 1551 520 GRAEGORUM

465 665 500 723 9.
524 657 603 740 (nol.
623 658 782 741 non-nn).
805 658 991 736 Μαρτύριον
1011 661 1070 720 τοῦ
1094 657 1186 733 ἁγίου
1214 658 1264 720 καὶ
1290 657 1423 722 ἐνδόξου
1449 659 1641 736 μεγαλομὰρ-

421 793 521 851 τυρος
536 776 595 837 τοῦ
607 775 746 851 Χριστοῦ
763 773 926 838 Εύπλου.
942 805 982 825 =
998 773 1059 838 ssn.
1505 775 1584 854 Aug.
1598 774 1642 836 tn.

466 897 521 954 10.
545 889 625 971 (Fol.
653 889 815 972 nait-nnn).
851 889 1036 968 Μαρτύριον
1071 891 1129 952 τοῦ
1167 889 1259 965 ἁγίου
1295 887 1508 966 Ἀδριανοῦ.
1547 888 1640 953 Οὗτοι

422 1004 567 1082 ἢθλησαν
589 1005 652 1069 σὺν
675 1004 778 1086 αὐτῷ·
803 1004 979 1082 Μηνὰδιος,
1002 1005 1154 1082 Συνετός,
1178 1004 1331 1081 Εύρετός,
1346 1004 1484 1080 Πλὰτον,
1501 1003 1642 1080 Θῦρσος,
1718 1013 1719 1021 ’

420 1118 733 1198 Εύίθιος,Ἀνθιμος,
751 1119 929 1198 Εύψύχιος,
946 1119 1135 1196 Φαρέτριος,
1153 1119 1319 1196 Γεντίλιος,
1336 1119 1502 1195 Κλαύδιος,
1518 1117 1643 1181 Ἀνατό-

418 1237 498 1311 λιος,
514 1234 712 1312 Μαρδόνιος,
729 1234 934 1312 Ἑρμογένης,
952 1233 1127 1312 Ἀντίοχος,
1151 1233 1310 1311 Ἰωάννης,
1335 1234 1522 1311 Θεόδωρος,
1545 1233 1643 1311 Τροὰ-

420 1351 501 1427 διας,
519 1349 687 1426 Κυριακός,
699 1327 909 1427 Ἐλευθέριος,
927 1350 1108 1427 Καρτέριος,
1126 1349 1298 1429 Θεογένης,
1316 1349 1472 1426 Μαρίνος.
1485 1379 1525 1400 =
1537 1348 1573 1411 B.

523 1475 525 1480 '
584 1466 644 1518 Des.
655 1465 699 1518 καὶ
712 1465 878 1531 αἰτήσαντες
889 1467 984 1528 αύτοῑς
995 1466 1078 1530 εύχήν
1088 1465 1220 1529 γενέσθαι
1230 1465 1284 1517 ἀπὸ
1294 1467 1345 1530 της
1355 1464 1461 1527 θέσεως
1469 1464 1644 1530 ,ἐσφράγισαν

550 1564 584 1615 τό
594 1563 708 1629 οἴκημα·
720 1566 827 1628 πλῆθος
840 1563 871 1616 δὲ
883 1563 1021 1628 ἀνδρῶν...
1034 1563 1115 1628 ἀμήν.
1517 1598 1520 1604 ·

463 1660 820 1744 11.<F01.no3-306v).
847 1661 921 1737 Βίος
949 1666 1005 1738 τῆς
1034 1661 1125 1738 ἁγίας
1149 1661 1311 1737 παρθένου
1339 1659 1532 1737 Μακρίνης
1563 1674 1639 1734 συγ-

418 1775 554 1853 γραφεὶς
576 1775 639 1838 ὑπὸ
662 1777 681 1838 Γ
683 1776 837 1854 ρηγορίου
860 1778 919 1839 τοῦ
943 1776 1041 1852 αὐτῆς
1063 1775 1207 1853 ἀδελφοῦ
1231 1775 1409 1838 ἐπισκόπου
1435 1775 1546 1852 Νύσης
1560 1775 1641 1851 πρὸς

420 1891 641 1969 ‘honor-B.

857 2079 987 2142 CODEX
1008 2079 1028 2140 4
1050 2078 1120 2161 (νθ’,
1143 2077 1212 2161 νς’).

451 2242 651 2308 Membraneus,
662 2241 789 2296 foliorum
798 2242 849 2295 247
863 2246 978 2310 (praeter
990 2242 1104 2296 insiticia
1116 2243 1189 2306 duo),
1198 2243 1273 2307 0¹⁰,35
1286 2250 1310 2301 ><
1321 2243 1421 2306 010285,
1431 2241 1501 2296 binis
1513 2241 1645 2296 columnis

353 2349 355 2354 '
420 2341 563 2396 saecssiiIII
576 2345 711 2394 exaratus,

451 2442 653 2506 Πανηγυρικόν
666 2441 857 2507 complentem,
869 2444 975 2508 praeter
990 2457 1022 2493 ea
1039 2456 1109 2508 quae
1126 2440 1196 2492 intra
1215 2440 1445 2501 enumerabimun
1466 2439 1597 2492 homilias
1614 2439 1645 2491 de

323 2591 324 2598 ,
419 2541 449 2593 Β.
461 2539 494 2592 Μ.
506 2539 537 2591 V.
549 2556 573 2592 a.
586 2539 694 2591 Andrea
706 2538 835 2601 Cretensi,
851 2539 1023 2592 homitias-de
1039 2539 1124 2592 Cruoe
1136 2539 1162 2592 S.
1176 2527 1286 2592 I'oannis
1304 2538 1501 2605 Chrysostomi‚
1521 2539 1646 2592 Andreae

420 2637 562 2700 Cretensia
573 2637 746 2690 Pantaleonis
757 2639 854 2704 presb„
868 2642 895 2691 et
907 2638 995 2690 varias
1009 2638 1145 2691 orationes
1157 2638 1182 2692 S.
1195 2637 1317 2704 Gregorii
1331 2637 1457 2704 theologi.

407 2813 409 2816 Ι
427 2749 428 2758 ’
451 2735 526 2789 Folia
537 2735 653 2789 insiticia
665 2735 741 2788 initio
760 2740 788 2788 et
800 2735 828 2789 in
846 2737 899 2789 fine
912 2737 1064 2803 fragmenta
1076 2737 1214 2808 continent
1225 2736 1436 2804 hagiographiae
1448 2736 1600 2802 notissima,
1618 2741 1648 2790 ut

420 2834 497 2888 Vitae
509 2833 534 2886 S.
547 2833 677 2886 Demetrii
686 2836 728 2896 (=
740 2834 800 2897 Bt),
813 2839 840 2887 et
851 2834 1012 2902 principium
1022 2834 1100 2887 Vitae
1113 2835 1138 2887 S.
1147 2835 1306 2886 Anastasiae
1319 2835 1433 2887 senioris
1446 2840 1488 2898 (π
1499 2834 1562 2896 Βί).

463 2990 494 3045 1.
518 2982 599 3064 (rol.
614 2981 733 3065 {tn-37).
750 2981 886 3061 Εύρεσις
901 2985 959 3045 τοῦ
975 2983 1077 3059 τιμίου
1094 2983 1144 3046 καὶ
1160 2985 1323 3046 ζωοποιοῦ
1340 2986 1525 3060 σταυροῦ.

581 3098 636 3152 Ιαο.
647 3097 747 3161 Ἔτους
765 3100 963 3152 διακοσιοστού
981 3103 1033 3150 τοῦ
1055 3101 1185 3163 σωτῆρος
1205 3099 1285 3163 ἡμῶν
1296 3097 1386 3164 Ἰησοῦ
1399 3099 1520 3164 Χριστοῦ
1530 3098 1648 3165 ζήτησις

550 3194 595 3246 καί
608 3195 752 3260 ἀνεύρεσις
761 3195 879 3259 γέγονεν
891 3199 943 3247 τοῦ
957 3198 1084 3259 σταιιροῦ
1098 3194 1127 3246 ἐν
1140 3195 1163 3260 ᾧ
1177 3195 1361 3260 δεσπότης-
1378 3195 1438 3246 Des.
1450 3179 1585 3247 ἐπιτελεῖν
1598 3195 1649 3260 τὴν

549 3293 660 3357 μνήμην
676 3297 728 3345 τοῦ
746 3292 838 3358 τιμίου
851 3297 978 3358 σταυροῦ
991 3291 1055 3358 μηνὶ
1067 3291 1242 3358 σεπτεμβρίω
1252 3293 1299 3345 ιδ’·
1312 3293 1375 3346 ὅσοι
1387 3294 1440 3358 γὰρ
1452 3298 1650 3358 προσκυνοῦσι

549 3391 600 3443 τόν
620 3391 741 3455 Χριστὸν
761 3390 806 3444 καί
817 3391 991 3444 ἐπιτελοῦσιν
1011 3391 1063 3458 τήν
1080 3391 1190 3458 μνήμην
1209 3395 1260 3444 τοῦ
1278 3390 1370 3457 τιμίου
1385 3395 1512 3457 σταυροῦ
1524 3391 1648 3453 τύχωσιν

549 3491 599 3554 τῆς
611 3488 749 3554 μερίδος...
762 3490 843 3554 ἁμήν.
856 3489 894 3544 Gf.
906 3490 960 3542 133.

457 3593 490 3650 2.
514 3587 594 3670 (rot.
613 3587 747 3670 59-83v).
772 3587 983 3664 Ἀλεξάνδρου
1010 3590 1152 3666 μοναχού
1176 3588 1274 3664 λόγος
1304 3587 1468 3664 ἱστορικὸς
1493 3589 1646 3666 περὶτῆς

417 3703 578 3779 εύρέσεως
588 3707 646 3766 τοῦ
662 3703 764 3780 τιμίου
781 3704 831 3764 καὶ
843 3705 1005 3768 Ζωοποιοῦ
1023 3706 1194 3780 σταυροῦ
1210 3703 1293 3780 πρός
1308 3723 1396 3780 τινας
1411 3704 1552 3780 πατέρας
1566 3722 1646 3780 προ·

415 3818 543 3895 τραπεὶς
558 3817 611 3880 ὑπ’
623 3820 738 3892 αὐτῶν,
754 3818 788 3880 ἐν
804 3818 829 3898 ᾧ
846 3817 913 3880 ’ἐστι
929 3819 1077 3893 θεολογία
1099 3817 1219 3895 ἁληθής
1234 3819 1285 3880 καὶ
1299 3819 1370 3895 περὶ
1382 3822 1439 3894 τῆς
1453 3817 1539 3894 θείας
1558 3819 1644 3881 οἰκο-

413 3933 526 4010 νομίας
541 3932 683 4010 ἀπλανὴς
698 3934 853 4011 ὁμολογία
867 3934 915 3995 καὶ
930 3933 1087 4010 ἐγκώμιον
1103 3933 1146 4009 είς
1163 3933 1220 3996 τὸν
1242 3932 1333 4008 ἅγιον
1354 3933 1507 4010 σταυρόν.
1523 3964 1564 3985 =
1576 3934 1602 3996 B
1612 3934 1638 3996 1.

578 4049 643 4102 Des,
653 4049 682 4101 ἐν
692 4055 726 4114 τῇ
739 4049 829 4116 ἡμέρᾳ
840 4053 891 4114 τῆς
903 4049 1124 4111 ἀνταποδόσεύις
1137 4062 1189 4101 σου
1205 4051 1256 4114 τῆς
1270 4047 1390 4111 δικαίας
1402 4049 1437 4102 σὺ
1447 4050 1501 4114 γὰρ
1513 4047 1560 4100 εἶό
1574 4050 1647 4111 Θεὸς

545 4148 626 4212 ἡμῶν
638 4146 683 4199 καὶ
693 4147 816 4212 πρέπει...
831 4148 911 4212 ἀμήν.

456 4253 491 4310 3.
514 4244 595 4327 (nol.
623 4245 758 4328 83v-98).
786 4244 924 4322 Πρὰξεις
960 4247 1009 4308 καὶ
1045 4245 1189 4323 θαύματα
1224 4246 1282 4306 τοῦ
1325 4244 1416 4319 ἁγίου
1454 4244 1644 4308 ἀποστόλου

415 4357 568 4437 Ἀνδρέα
583 4359 632 4421 καὶ
648 4359 823 4437 μάρτυρος.
838 4390 879 4411 =
892 4359 1055 4441 (Andreas
1071 4363 1103 4422 et
1117 4359 1284 4441 Matthias)
1300 4358 1336 4422 B.
1574 4442 1576 4450 Ι

455 4482 490 4537 4.
514 4475 596 4556 (rol.
616 4474 770 4558 nov-103).
791 4474 976 4552 Μαρτύριον
1001 4477 1060 4538 τοῦ
1087 4474 1178 4550 ἁγίου
1205 4473 1383 4551 Ἀνδρέου
1411 4476 1470 4536 τοῦ
1502 4473 1644 4538 ἀποστό·

415 4590 616 4654 λου.--Β1.

579 4704 612 4757 Μ.
622 4705 733 4769 Boinoa,
744 4704 814 4758 Acta
828 4704 1009 4770 apostotorum
1020 4704 1184 4771 apocrypha,
1198 4703 1230 4767 ΙΙ,
1240 4705 1262 4766 1,
1276 4703 1343 4757 1-37.
1355 4704 1410 4758 Ιαο.
1419 4702 1456 4758 Ἀ
1469 4706 1526 4767 τοῖς
1537 4703 1646 4771 ὀφθαλ-

547 4805 607 4869 μοῖς
619 4804 698 4870 ἡμῦιν
707 4803 806 4869 ἴδομεν
818 4804 946 4866 πάντες...
