3558 5746
416 451 464 524 38
537 473 742 524 οιτιιοοσε
767 472 920 523 nomem
944 471 1308 522 ιιιοιουιιιΡιιιικιιιτιι
1331 469 1546 522 ammom

456 666 519 726 36.
541 659 622 733 (Ful.
638 659 799 740 154-1591
813 659 1000 736 Μαρτόρισν
1013 664 1072 736 τῆς
1087 659 1183 736 ὁσίας
1196 659 1468 736 Παρασκευῆς.
1522 657 1579 722 Iul.
1592 657 1637 720 ffi.

579 773 748 830 lm‘flvim
767 776 954 840 διεσκεδάσθη
974 772 1638 839 ἀνὰκάσαντίγνοίκσυμένηνὴτιῦνείδιίιλυιν

546 875 631 936 ἀγλῦς
639 874 685 926 καί
692 873 721 926 ολ
729 875 835 939 ταύτης
845 873 1044 938 προσκείμενοι
1053 873 1263 940 αὐτοκράτορες
1274 902 1306 910 -
1317 873 1382 926 θαι.
1391 874 1497 935 νυκτός
1508 871 1637 926 κατέθετο

546 971 579 1024 ἐν’
588 973 714 1037 μνημείῳ
722 978 811 1037 καινῷ
822 975 940 1025 πλείστα
951 972 1198 1036 κατεργαζόμενον
1206 973 1338 1036 θαίιματα
1346 972 1424 1036 μέχρι
1432 974 1484 1036 τῆς
1495 972 1639 1036 σήμερον..

545 1072 629 1136 ἀμην.

455 1175 516 1232 37.
537 1169 619 1248 (Fol.
636 1169 789 1232 159-160τ
797 1194 812 1237 ι.
823 1169 891 1232 Τοῦ
906 1169 941 1232 ἑν
955 1169 1058 1246 ἁγίοις
1071 1169 1195 1246 πατρὸς
1216 1169 1308 1246 ἡμῶν
1322 1168 1475 1232 Ἰωάννου
1489 1170 1551 1230 τοῦ
1564 1167 1639 1243 Χρυ

415 1283 587 1362 σοστόμου
615 1286 716 1361 λόγος
744 1285 789 1361 εἰς
816 1287 874 1360 τήν
901 1286 1157 1362 μεταμόρφωσιν
1185 1288 1245 1347 τοῦ
1271 1285 1385 1361 κυρίου
1415 1285 1508 1360 ἡμῶν
1536 1282 1637 1359 Ἰησοῦ

415 1401 565 1477 Χριστοῦ.
1518 1400 1601 1478 Aug.
1612 1397 1640 1459 6.

577 1512 660 1578 P-G.‚
673 1513 753 1573 LXV.
765 1515 867 1568 iffi-72

454 1628 514 1686 38.
537 1621 618 1700 (Fut
635 1622 809 1704 mov-162).
822 1623 890 1685 Ῐοῦ
905 1622 1054 1699 ἐνὰγίσις
1076 1623 1200 1699 πατρὸς
1220 1621 1313 1697 ἡμῶν
1334 1622 1537 1684 Βασιλείου
1558 1621 1640 1698 ἀρχι-

414 1737 594 1799 επισκόπου
610 1737 798 1814 Καισαρείας
812 1742 871 1814 τῆς
886 1738 1111 1815 Καππαδοκίας
1124 1739 1225 1814 λόγος
1244 1737 1290 1814 εἰς
1308 1739 1367 1814 τὴν
1388 1736 1639 1814 μεταμόρφωσιν

413 1855 473 1916 τοῦ
489 1854 602 1930 κυρίου
617 1855 708 1930 ἡμῶν
722 1854 830 1931 Ἰησοῦ
845 1853 998 1929 Χριστοῦ.
1515 1853 1601 1933 Aug.
1613 1853 1640 1915 ό.

576 1966 658 2032 M„
672 1967 800 2030 mxv,
811 1969 916 2022 εἴθ-61.

453 2081 513 2139 39.
535 2074 616 2155 (roh
630 2075 790 2147 162-163»
805 2075 872 2138 Τοῦ
887 2076 923 2138 ἑν
937 2075 1040 2151 ἁγίοις
1053 2075 1177 2152 πατρὸς
1192 2075 1285 2150 ἡμῶν
1305 2074 1484 2138 Ἰωάννου
1508 2074 1642 2153 ἀρχιεπι·

413 2190 542 2254 σκότου
565 2190 939 2266 Κωνσταντινουπόλεως
960 2193 1019 2252 τοῦ
1041 2190 1280 2267 Χρυσοσιόμου
1302 2191 1403 2266 λόγος
1417 2189 1464 2266 εἰς
1478 2191 1537 2266 τήν
1551 2209 1641 2268 μετα·

414 2305 590 2382 μόρφωσιν
605 2308 664 2366 τοῦ
680 2306 792 2381 κυρίου
808 2305 900 2380 ἡμῶν
914 2304 1022 2382 Ἰησοῦ
1034 2305 1185 2381 Χριστοῦ.

575 2421 632 2473 Ιοο.
648 2421 802 2485 Πρόκειται
812 2422 878 2486 ἡμῖν
889 2422 924 2473 τό
936 2421 1014 2486 ἱερόν
1026 2421 1193 2485 συμπόσιον.

452 2535 513 2592 40.
536 2528 619 2595 (ίόλ
646 2528 804 2608 163-165).
825 2529 901 2604 Βίος
926 2529 977 2590 καὶ
1002 2530 1145 2590 πολιτεία
1165 2530 1225 2590 τοῦ
1251 2527 1432 2601 ἁγιωτάτου
1458 2526 1639 2590 ἐπισκόπου

413 2645 589 2706 Δονάτου
605 2647 663 2718 τῆς
677 2643 815 2719 Εὐήρας

574 2757 631 2809 Ine.
650 2756 695 2809 Ἐν
711 2759 772 2819 ταῖς
789 2758 905 2822 ἡμέραις
926 2758 1083 2810 θεοδοσίου
1103 2762 1156 2811 τοῦ
1174 2759 1310 2822 βασιλέως
1327 2760 1425 2822 διῆγεν
1445 2757 1475 2810 ἐν
1486 2763 1521 2822 τη
1539 2760 1643 2820 παλαιᾷ

543 2855 664 2920 Ἠπείρῳ
675 2857 692 2907 ό
703 2857 863 2919 ἁγιιίιτατος
871 2855 1022 2918 ἐπίσκοπος
1033 2859 1066 2908 Α
1076 2885 1108 2894 -—
1117 2857 1179 2908 Da
1189 2859 1296 2920 μᾶλλον
1307 2857 1339 2908 δὲ
1350 2857 1581 2920 ἀναγκαζόμενος
1590 2855 1642 2908 όπά

543 2959 597 3008 τοῦ
609 2954 692 3018 ἁγίου
704 2956 885 3019 Πνεῦματος·
907 2955 1067 3020 ἐκοιμήθη..
1087 2956 1156 3007 ἔνθα
1176 2954 1222 3006 καὶ
1233 2955 1320 3017 ἰάσεις
1331 2955 1550 3007 ἐπιτελοῦνται...
1562 2955 1644 3019 ἀμήν.

452 3070 513 3124 41.
536 3063 550 3141 ί
551 3062 576 3124 F
576 3062 618 3125 ol.
634 3061 785 3124 165-171’
786 3080 808 3143 ι.
830 3062 969 3138 Πράξεις
988 3063 1039 3124 καὶ
1060 3061 1237 3139 μαρτύριον
1251 3065 1310 3123 τοῦ
1333 3061 1426 3137 ἁγίου
1452 3061 1642 3124 ἀποστόλου

413 3177 560 3242 Ματθία
573 3179 695 3240 καὶτοῦ
707 3177 895 3240 ἀποστόλου
910 3177 1065 3255 Ἀνδρέα
1079 3177 1358 3254 μαρτυρησάντων
1368 3176 1414 3253 εἰς
1425 3178 1504 3254 τοῦς
1517 3176 1643 3254 ἀνθρω-

414 3291 624 3369 ποφὰγωνες.
638 3321 680 3342 --
694 3291 731 3354 Β.

453 3425 515 3482 42.
537 3418 577 3498 (F
577 3417 619 3481 ol.
634 3417 672 3479 17
677 3416 810 3497 1v-174).
824 3416 1012 3494 Μαρτόριον
1025 3418 1086 3478 τοῦ
1103 3415 1197 3490 ἁγίου
1219 3415 1383 3494 μάρτυρος
1405 3415 1644 3492 Λαυρεντίου

413 3537 473 3597 τοῦ
487 3533 722 3612 ἀρχιδιακόνου.
1496 3531 1582 3612 Aug.
1600 3531 1646 3592 10.

576 3649 632 3702 Ιοο.
641 3649 723 3700 Μετά
730 3648 784 3710 τὴν
795 3647 940 3700 τελείωσιν
950 3652 1004 3700 τοῦ
1013 3648 1175 3712 ἁγιωτάτου
1184 3647 1231 3699 καὶ
1238 3647 1525 3712 τρισμακαριωτάτου
1535 3645 1643 3699 Ξίστου

543 3751 623 3801 πάπα
633 3747 742 3812 Ῥώμης
754 3745 871 3798 καὶτῶν
884 3747 936 3799 δύο
948 3748 1090 3800 διακόνων
1105 3747 1195 3798 αὐτοῦ
1214 3745 1398 3812 Φιλικησίμου
1417 3761 1450 3800 τε
1470 3745 1516 3800 καὶ
1527 3744 1648 3810 Ἀγαπη-

543 3851 596 3899 τοῡ
608 3876 640 3889 «-
652 3847 713 3898 θοι.
731 3845 776 3898 καὶ
794 3847 898 3908 πάντες
916 3847 1032 3909 μετέχον
1049 3849 1101 3898 τοῦ
1118 3844 1211 3910 τιμίου
1232 3845 1365 3910 σώματος
1384 3843 1432 3897 καί
1452 3844 1571 3909 αἵματος
1592 3849 1645 3897 τοῦ

550 3944 650 4010 κυρίου
663 3946 744 4008 ἡμῶν
751 3944 777 3996 Ἰ.
788 3945 818 3997 Χ
827 3945 1107 4009 εὐχαριστήσαντες..
1119 3944 1201 4008 ἀμήν.

455 4051 516 4108 43.
539 4041 620 4118 (Πολ
637 4042 811 4124 174-176v).
826 4042 1013 4120 Μαρτύριον
1026 4046 1084 4119 τῆς
1098 4041 1190 4117 ἁγίας
1205 4041 1384 4104 καλλινίκου
1404 4040 1569 4118 μάρτυρος
1583 4043 1647 4104 τοῦ

416 4161 557 4238 Χριστοῦ
573 4159 771 4234 Κυριακῆς.
1496 4157 1580 4237 Aug.
1598 4157 1648 4219 10.

577 4274 633 4326 Ιοσ.
645 4273 765 4338 Κρὺπτει
775 4274 860 4337 μικρά
870 4273 977 4338 νεφέλη
994 4273 1047 4324 τόν
1064 4273 1145 4338 ἠλιον
1164 4271 1222 4326 ἀλλ’
1242 4273 1296 4325 οῦκ
1316 4272 1372 4325 ἀεί·
1392 4277 1529 4337 χειμῶνος
1549 4272 1582 4324 δὲ
1603 4270 1649 4323 καὶ

544 4373 635 4437 πάγος
647 4401 679 4409 -
691 4372 754 4425 Des.
765 4371 811 4424 καί
821 4373 926 4433 πάντες
937 4370 965 4424 οἰ
975 4375 1070 4432 κακῶς
1081 4371 1193 4434 ἔχοντες
1206 4372 1257 4434 τὰς
1269 4370 1355 4434 ἰάσεις
1375 4370 1421 4424 καί
1434 4371 1485 4434 τὰς
1494 4369 1648 4437 θεραπείας

546 4473 727 4536 ἀπολάβετε.
743 4471 825 4536 ἀμήν.

455 4586 515 4644 44.
538 4579 619 4660 (Fut
642 4577 830 4659 176v-177v).
852 4576 927 4653 Βίος
948 4576 999 4638 καὶ
1019 4576 1196 4655 μαρτύριον
1216 4580 1276 4640 τοῦ
1292 4577 1388 4640 ὁσίου
1403 4572 1527 4656 πατρὸς
1551 4578 1646 4656 ἡμῶν

415 4696 587 4773 Μαξίμου
600 4697 660 4756 τοῦ
676 4693 891 4771 ὁμολογητοῦ.
1497 4693 1579 4774 Aug.
1599 4692 1651 4756 13.

578 4808 634 4862 Ine.
645 4809 694 4862 Καὶ
710 4813 772 4871 πῶς
783 4809 819 4860 ἀν
830 4807 884 4872 τὴν
894 4809 972 4874 παρὰ
984 4813 1044 4862 τιῦν
1057 4809 1221 4876 φιλοκάλων
1240 4809 1344 4876 μέμψιν
1354 4807 1518 4874 ἐκκλίνομεν
1534 4808 1573 4876 μὴ
1594 4809 1651 4862 τὸν
