3558 5746
368 481 622 536 Βιτωοτττκολιτ
640 481 912 535 υιιινκτιειτιττε
930 479 1177 534 ιιιπεελιιτιινοτο.
1195 487 1200 496 ·
1326 457 1382 531 ,69
1416 513 1419 520 ,

200 678 235 736 2.
260 661 501 755 (F01.20v-37v).
515 672 674 750 Διήγησις
688 670 869 751 Ἀμμωνίου
885 673 1028 750 μοναχοῡ
1039 671 1188 754 περὶτῶν
1204 669 1350 749 ἀναιρεθὲ
1371 704 1383 718 ·

156 809 225 853 των
247 788 310 853 ὑπὸ
331 793 396 853 τῶν
425 787 596 869 βαρβάρων
619 787 719 871 ἐντῷ
742 789 820 852 Σινοί
844 787 911 866 ὄρει
938 787 988 852 καὶ
1012 785 1047 853 ἐν
1067 792 1104 870 τῇ
1134 785 1262 850 Ῥαίθοῡ
1284 785 1385 862 ἁγίων

154 905 307 983 πατέρων
322 936 361 956 =
375 903 540 987 (Monachi
553 904 588 970 in
600 903 738 989 Raithu)
752 903 788 969 B.

323 1022 385 1076 Des.
398 1021 443 1076 καὶ
454 1021 568 1076 ἔπαινον
585 1024 644 1074 τῶν
657 1019 746 1087 ἁγίων
767 1020 921 1088 μαρτύρων
935 1036 966 1074 τε
986 1018 1031 1073 καὶ
1051 1018 1179 1074 δικαίων·
1200 1017 1259 1084 μεθ’
1272 1018 1313 1071 ὧν
1325 1016 1384 1087 δώῃ

290 1121 354 1188 ἡμῖν
366 1121 382 1174 ὁ
396 1121 493 1188 Κύριος
505 1120 589 1188 μέρος
602 1118 661 1187 μετ’
672 1120 767 1174 αὐτῶν
777 1120 809 1173 ἐν
820 1125 855 1186 τῇ
874 1118 998 1186 βασιλείᾳ
1018 1119 1120 1173 αὐτοῦ·
1133 1118 1214 1185 ἀμήν.
1233 1116 1281 1171 Καὶ
1296 1132 1386 1184 παρα-

290 1223 367 1274 καλω
386 1220 494 1284 πάντας
511 1221 579 1283 τοὺς
597 1219 820 1286 ἐντυγχάνοντας
841 1220 971 1281 εὔχεσθαι
982 1219 1051 1286 ὑπὲρ
1070 1222 1121 1285 τῆς
1142 1218 1208 1286 ἐμῆς
1221 1216 1385 1281 εὐτελείας...
1414 1253 1416 1258 ,

199 1423 234 1480 3.
258 1321 511 1500 (Ffflvfflffi
527 1417 684 1496 Γεωργίου
708 1416 931 1495 πρεσβυτέρου
952 1415 1140 1493 Καισαρείας
1161 1413 1385 1500 Καππαδοκίας

154 1531 257 1609 λόγος
282 1533 325 1610 εἰς
349 1532 427 1610 τοὺς
442 1532 556 1611 ἁγίους
575 1531 781 1612 τριακοσίους
800 1532 877 1596 δέκα
898 1531 948 1595 καὶ
964 1531 1057 1596 Ιὀκτὼ
1082 1531 1223 1609 πατέρας
1247 1529 1326 1610 τοὺς
1349 1529 1383 1596 ἐν

156 1646 271 1731 Νικαίᾳ
286 1647 511 1726 συνελθόντας.
528 1647 618 1712 =B.
1188 1661 1189 1669 ’

593 1960 707 2026 com).
731 1959 771 2024 ιτ
793 1958 877 2045 (κα),
899 1959 951 2025 9ο.

191 2143 283 2198 Codex
295 2145 326 2197 97
339 2144 467 2200 homilias
486 2145 514 2198 S.
525 2143 636 2198 Ioannis
655 2144 842 2212 chrysostomi
853 2144 881 2198 in
893 2145 1061 2200 Matthaeum
1080 2143 1272 2212 complectens,
1292 2143 1385 2212 hagio·

158 2243 308 2311 graphieus
318 2248 434 2298 nonest.
455 2244 486 2296 In
498 2243 629 2311 principio
641 2249 734 2297 autem
746 2243 812 2297 etin
829 2243 884 2297 fine
900 2244 1024 2297 eiusdem
1035 2247 1100 2298 sunt
1117 2243 1182 2298 folia
1195 2243 1250 2298 duo
1271 2242 1387 2298 insiticia

154 2343 186 2396 in
197 2341 298 2411 quibus
309 2343 435 2410 leguntur
450 2342 603 2410 fragmenta
620 2341 696 2396 Vitae
716 2342 742 2396 S.
763 2341 906 2410 Symeonis
923 2341 1029 2410 stylitae
1039 2347 1081 2406 (=
1093 2342 1158 2406 ΒΞ).
1170 2341 1251 2398 Aliud
1264 2341 1387 2397 eiusdem

156 2442 341 2510 fragmentum
354 2442 451 2498 eadem
463 2458 547 2496 manu
559 2445 703 2496 exaratum
714 2441 833 2510 reperire
846 2440 927 2496 estin
939 2442 998 2496 cod.
1011 2442 1051 2495 46.

191 2541 222 2594 In
234 2540 321 2607 eapite
332 2540 433 2594 codicis
445 2541 478 2594 98
489 2541 543 2594 duo
556 2556 665 2610 quoque
676 2544 740 2595 sunt
748 2540 813 2594 folia
821 2541 969 2610 peregrina,
980 2541 1007 2596 in
1016 2541 1116 2609 quibus
1125 2541 1242 2598 habetur
1252 2540 1386 2610 fragmen-

156 2645 219 2696 tum
228 2640 418 2696 commentarii
429 2640 464 2694 de
475 2641 501 2694 S.
513 2641 614 2696 Iacobo
626 2641 710 2698 fratre
717 2640 831 2695 ¹Domini
843 2639 886 2708 (=
899 2641 960 2709 31).
