3558 5746
430 391 477 465 30
506 462 510 472 ,
552 411 754 483 ςιτιιοαυε
780 411 930 462 comeum
957 409 1317 462 ιιιοιοοιιιοιιιαοιιυυ
1344 407 1556 462 οπιυοοιιυμ

470 612 504 669 3.
528 603 608 685 (Fol.
622 601 755 684 beblv).
771 601 957 679 Μαρτύριον
972 603 1030 664 τοῦ
1046 599 1138 677 ἁγίου
1155 601 1205 662 καὶ
1220 599 1354 664 ἐνδόξου
1370 600 1654 678 μεγαλομάρτυρος

429 722 488 783 τοῦ
503 719 642 797 Χριστοῦ
659 717 864 794 Θεοδώρου
880 718 939 779 τοῦ
955 715 1187 793 στρατηλάτου.
1532 716 1609 780 Feb.
1626 717 1654 782 7.
1749 706 1750 720 ¹

591 834 646 888 Ine.
658 831 785 897 Λικιννίῳ
797 813 956 898 τῷβασιλεῖ
966 833 1054 896 πολλη
1067 830 1228 897 κεχρημένῳ
1240 836 1274 896 τῇ
1287 830 1352 897 περὶ
1362 831 1398 883 τά
1408 831 1512 884 εἴδωλα
1525 833 1654 886 δεισιδαι-

559 931 641 997 μονίᾳ
653 961 684 968 -
697 931 758 984 Des.
770 930 955 995 ἀποτέμνεται
967 928 1244 998 κεφαλήν.”Αραντες
1257 930 1333 982 δὲτὸ
1351 929 1428 995 ἱερὸν
1449 930 1537 983 αῦτοῦ
1557 929 1653 995 λείψα-

558 1048 609 1084 νον
629 1028 669 1094 ολς
681 1046 713 1094 γε
732 1029 824 1102 δηκαί
835 1028 1031 1094 προστέτακτο
1046 1028 1075 1081 ἐν
1097 1027 1238 1092 Εῦχοῑνοις
1258 1031 1466 1082 κατατιθοῦσι...
1481 1030 1652 1095 νοσημάτων

560 1129 675 1181 πάντων
688 1126 944 1192 φυγαδευτήριον...
958 1126 1039 1193 ἀμήν.

468 1233 503 1289 4.
527 1226 607 1309 (Fol.
621 1225 740 1308 42-58).
756 1224 904 1289 Ἰωάννου
928 1226 1077 1288 ταπεινοῦ
1101 1227 1243 1302 μοναχοῦ
1264 1225 1314 1286 καὶ
1334 1224 1558 1304 πρεσβυτέρου
1581 1224 1651 1302 περὶ

427 1345 493 1406 τών
508 1341 543 1405 ἐν
553 1342 656 1405 πίστει
668 1341 912 1418 κεκοιμημένων,
922 1340 1012 1417 ὅπως
1027 1339 1057 1403 αἱ
1069 1340 1149 1416 ὑπὲρ
1166 1340 1272 1403 αὐτῶν
1284 1315 1444 1418 γινόμεναι
1460 1341 1653 1418 λειτουργίαι

428 1457 477 1520 καὶ
498 1456 649 1520 εῦποιείαι
674 1457 813 1532 τούτους
834 1455 986 1531 ὀνίνησιν.
1010 1455 1277 1530 Ἀναγινώσκεται
1297 1457 1336 1517 δέ
1355 1459 1400 1536 τῷ
1424 1454 1577 1536 σαββάτῳ
1595 1457 1653 1530 τῆς

429 1566 601 1644 άποκρέου.

592 1678 673 1746 P.G.,
688 1679 765 1743 XCV,
774 1680 875 1732 248-77.

469 1787 503 1844 5.
527 1779 607 1860 (bol.
621 1779 777 1861 {bv-120).
793 1779 867 1854 Βίος
882 1776 933 1839 καὶ
946 1777 1086 1840 πολιτεία
1108 1777 1158 1839 καὶ
1180 1779 1288 1854 μερική
1312 1776 1483 1856 θαυμάτων
1506 1776 1652 1852 διήγησις
1750 1775 1751 1784 ’

427 1898 486 1958 τοῦ
502 1895 598 1958 δσίου
614 1895 736 1972 πατρὸς
757 1893 849 1971 ἡμῶν
871 1893 921 1955 καὶ
943 1896 1191 1970 θαυματουργοῦ
1214 1891 1339 1956 Λουκά
1362 1894 1421 1956 τοῦ
1443 1891 1520 1956 νέου
1536 1894 1594 1955 τοῦ
1618 1893 1651 1955 ἐν

428 2010 553 2073 Ἑλλάδι
568 2010 722 2087 κειμένου.
735 2041 774 2058 =
789 2008 826 2071 B.
1535 2007 1611 2072 Feb.
1623 2007 1654 2070 9.

469 2132 503 2190 6.
527 2125 606 2207 (bol.
625 2124 796 2206 120-131v).
819 2123 1004 2200 Μαρτύριον
1030 2126 1088 2186 τοῦ
1116 2123 1207 2198 ἁγίου
1230 2123 1394 2203 μάρτυρος
1415 2123 1651 2201 Νικηφόρον.

1533 2239 1608 2302 Feb.
1623 2239 1652 2302 9.

592 2348 647 2401 Ine.
662 2345 752 2400 Οὐδέν
764 2347 853 2401 ἔοικεν
865 2347 974 2413 ἀγάπης
987 2345 1056 2400 εἶναι
1073 2347 1287 2413 μακαριώτερον
1307 2347 1403 2411 ώσπερ
1422 2346 1473 2399 οῦν
1489 2345 1534 2399 καί
1554 2345 1652 2412 μίσους

562 2446 646 2498 οὐδέν
658 2449 717 2496 τών
728 2445 844 2497 πάντων
853 2445 1061 2514 ρλεθριώτερον
1077 2473 1108 2482 -
1129 2443 1189 2496 Des.
1206 2445 1223 2510 ἡ
1245 2443 1291 2497 καί
1311 2443 1423 2506 δικαίως
1435 2443 1494 2496 οίδε
1511 2444 1583 2510 μόνη
1603 2445 1653 2506 τὰς

560 2544 675 2608 ἀμοιβὰς
688 2543 825 2606 διανέμειν
836 2545 1013 2608 κοσμηθῆναι
1025 2543 1205 2606 στεφάνοις...
1218 2542 1298 2607 ἀμήν.

472 2648 507 2704 7.
530 2641 610 2721 (bol.
634 2639 791 2720 132-141).
813 2639 998 2716 Μαρτύριον
1019 2641 1077 2701 τοῦ
1101 2639 1195 2714 άγίου
1218 2638 1450 2716 ἱερομάρτυρος
1473 2639 1652 2703 Βλασίου.

1512 2755 1589 2819 Eeb.
1607 2756 1655 2819 11.

593 2862 647 2914 Ιιιο.
666 2862 782 2923 Βλάσιος
796 2861 811 2913 δ
824 2860 992 2927 ἱερομάρτυς
1005 2861 1081 2914 άξιον
1093 2864 1144 2913 τοῦ
1157 2862 1268 2914 τοιοῦδε
1281 2861 1362 2925 τέλος
1383 2865 1434 2927 τῆς
1455 2861 1608 2929 μαρτυρίας
1622 2892 1655 2901 -

559 2962 620 3014 Des.
632 2960 685 3021 ἔχει
697 2960 768 3026 πρὸς
786 2960 874 3012 αῦτὸν
891 2961 941 3026 τάς
954 2960 1041 3011 αὐτοῦ
1060 2960 1187 3030 κολάσεις
1205 2960 1275 3026 ὑπέρ
1292 2961 1372 3026 ἡμῶν
1384 2961 1596 3027 πρεσβευοῦσας
1609 2961 1655 3012 καὶ

540 3066 543 3071 ’
558 3064 610 3112 νῦν
622 3060 672 3124 μέν
683 3059 833 3124 εὐμάρειαν
846 3058 932 3123 βίου...
945 3058 1026 3124 ἀμήν.

470 3164 504 3222 8.
528 3158 608 3240 (Fol.
636 3158 793 3240 141-161).
818 3158 891 3233 Βίος
916 3160 974 3220 τοῦ
998 3156 1093 3220 ὁσίου
1112 3158 1235 3234 πατρὸς
1261 3157 1351 3235 ἡμῶν
1378 3158 1652 3234 Μαρτινιανοῦ.

1513 3265 1590 3328 Feb.
1607 3266 1659 3330 13.

592 3372 647 3424 Ine.
661 3369 717 3423 Ὃν
737 3371 846 3437 τρόπον
858 3370 886 3424 αἱ
897 3375 956 3422 τῶν
978 3371 1182 3437 προλαβόντων
1195 3372 1276 3424 νόσοι
1287 3371 1443 3437 σωματικαὶ
1454 3371 1500 3424 καὶ
1510 3374 1656 3438 πηρώσεις

561 3473 594 3523 οῦ
605 3470 703 3535 μικρὸν
716 3469 753 3532 είς
764 3468 901 3535 ὠφελείας
911 3469 997 3534 λόγον
1008 3469 1175 3534 -Ἔγγιστα
1184 3473 1234 3535 τῆς
1244 3470 1353 3533 πόλεως
1367 3471 1542 3536 Καίσαρείας,
1555 3472 1655 3524 Κοισά-
1752 3469 1753 3538 Ῐ

559 3586 638 3636 ρειαν
648 3569 678 3620 δέ
687 3568 740 3634 την
750 3572 800 3634 τῆς
809 3567 998 3634 Παλαιστίνης
1009 3568 1081 3634 φημί
1090 3597 1121 3606 -
1133 3569 1195 3621 Des.
1204 3574 1323 3622 τοιαῦτα
1332 3571 1523 3636 Μαρτινιανοῦ
1533 3572 1570 3622 τά
1581 3571 1658 3624 κατὰ

558 3673 610 3721 τοῦ
620 3668 724 3733 ἐχθροῦ
737 3667 882 3732 τρόπαια...
895 3667 976 3732 ἀμήν.

591 3768 630 3820 De
642 3783 696 3834 qua
704 3766 734 3820 P.
746 3765 874 3850 Ηιοοοω,
886 3764 935 3818 Die
947 3764 1062 3831 Leaende
1073 3766 1115 3817 des
1129 3763 1282 3820 Μονίίηίοιι
1296 3769 1355 3827 (aus
1365 3766 1474 3819 λῦιυυτιι
1491 3767 1610 3830 Summe,
1625 3767 1659 3832 H,

427 3926 430 3934 ,
510 3933 513 3938 Ι
561 3865 642 3927 1895),
654 3864 695 3917 ῦθ.

469 3968 503 4025 θ.
526 3961 606 4043 (bol.
634 3961 821 4044 leb-ffb).
842 3961 997 4038 Ἀθλησις
1022 3962 1080 4023 τοῦ
1105 3959 1196 4037 ἁγίου
1223 3961 1273 4023 καὶ
1298 3961 1431 4027 ἐνδόξου
1454 3963 1655 4041 μεγαλομάρ·

428 4096 527 4153 τυρος
543 4078 601 4137 τοῦ
615 4075 754 4152 Χριστοῦ
771 4076 978 4152 Θεοδώρου
995 4077 1053 4137 τοῦ
1069 4075 1230 4151 τήρωνος.
1516 4075 1592 4140 Feb.
1609 4078 1660 4140 17.

592 4191 647 4242 Ine.
665 4191 826 4256 Μαξιμιανιβ
844 4189 889 4243 καὶ
901 4189 1043 4256 Μαξιμίνῳ
1061 4191 1120 4252 τοῖς
1137 4193 1277 4255 βασιλεῦσι
1288 4192 1376 4258 πολλή
1389 4208 1430 4254 τις
1449 4191 1494 4245 καὶ
1505 4194 1659 4259 άσχετοςὴ

560 4289 632 4355 δρμή
655 4317 687 4326 -
717 4289 778 4342 Des.
801 4289 872 4342 κατὰ
894 4288 946 4354 τήν
970 4289 1053 4354 ἕκτην
1075 4289 1182 4354 ἡμέραν
1204 4293 1254 4355 τῆς
1277 4290 1392 4357 πρώτης
1416 4291 1570 4357 ἑβδομάδος
1592 4298 1659 4346 τιῦν

558 4393 698 4456 νηστειῶν
711 4389 909 4455 εῦχαριστήρια
921 4388 1133 4457 ἑορτάζοντας...
1147 4388 1227 4454 ἀμήν.

473 4497 528 4552 10.
552 4488 632 4571 (Fol.
663 4487 851 4570 17b-190v).
880 4487 1066 4565 Μαρτύριον
1102 4490 1167 4551 τών
1204 4487 1303 4564 άγίων
1339 4489 1388 4550 καὶ
1417 4489 1557 4555 ἐνδόξων
1592 4495 1658 4553 τοῦ

428 4603 567 4682 Χριστοῦ
596 4602 888 4682 τεσσαράκοντα
920 4602 988 4664 δύο
1016 4602 1216 4680 μαρτύρων
1250 4607 1442 4684 συγγραφὲν
1471 4605 1534 4668 ὑπὸ
1565 4605 1661 4669 Εὐω·

429 4718 614 4784 δίουεΒ.
1515 4719 1611 4785 Mart.
1628 4723 1662 4786 6.
