<?xml version="1.0" encoding="UTF-8"?>
<!DOCTYPE html PUBLIC "-//W3C//DTD XHTML 1.0 Transitional//EN"
    "http://www.w3.org/TR/xhtml1/DTD/xhtml1-transitional.dtd">
<html xmlns="http://www.w3.org/1999/xhtml" xml:lang="en" lang="en">
 <head>
  <title>
</title>
<meta http-equiv="Content-Type" content="text/html;charset=utf-8" />
  <meta name='ocr-system' content='tesseract 3.04.00' />
  <meta name='ocr-capabilities' content='ocr_page ocr_carea ocr_par ocr_line ocrx_word'/>
</head>
<body>
  <div class='ocr_page' id='page_1' title='image "./cataloguscodicu00delegoog_0032.png"; bbox 0 0 3558 5746; ppageno 0'>
   <div class='ocr_carea' id='block_1_1' title="bbox 317 410 1339 496">
    <p class='ocr_par' dir='ltr' id='par_1_1' title="bbox 317 410 1339 496">
     <span class='ocr_line' id='line_1_1' title="bbox 317 410 1339 496; baseline 0.002 -2"><span class='ocrx_word' id='word_1_1' title='bbox 317 440 573 494; x_wconf 75' lang='lat' dir='ltr'>BIBLIOTHECAE</span> <span class='ocrx_word' id='word_1_2' title='bbox 599 441 863 494; x_wconf 76' lang='lat' dir='ltr'>UNIVERSITATIS</span> <span class='ocrx_word' id='word_1_3' title='bbox 889 410 1133 496; x_wconf 57' lang='lat' dir='ltr'><strong>ME&#39;SSANENSIS.</strong></span> <span class='ocrx_word' id='word_1_4' title='bbox 1155 457 1157 464; x_wconf 93' lang='grc'><strong><em>·</em></strong></span> <span class='ocrx_word' id='word_1_5' title='bbox 1290 423 1339 496; x_wconf 72' lang='grc'>43</span> 
     </span>
    </p>
   </div>
   <div class='ocr_carea' id='block_1_2' title="bbox 106 629 1339 1324">
    <p class='ocr_par' dir='ltr' id='par_1_2' title="bbox 106 629 1339 1125">
     <span class='ocr_line' id='line_1_2' title="bbox 149 629 1337 715; baseline 0.002 -23"><span class='ocrx_word' id='word_1_6' title='bbox 149 636 207 694; x_wconf 78' lang='lat'>12.</span> <span class='ocrx_word' id='word_1_7' title='bbox 231 629 476 715; x_wconf 75' lang='lat' dir='ltr'>(F01.63v-70v).</span> <span class='ocrx_word' id='word_1_8' title='bbox 501 631 623 710; x_wconf 78' lang='grc' dir='ltr'>Πρᾶξις</span> <span class='ocrx_word' id='word_1_9' title='bbox 652 630 702 693; x_wconf 88' lang='grc' dir='ltr'>καῖ</span> <span class='ocrx_word' id='word_1_10' title='bbox 731 631 906 709; x_wconf 91' lang='grc' dir='ltr'>μαρτύριον</span> <span class='ocrx_word' id='word_1_11' title='bbox 935 633 994 694; x_wconf 85' lang='grc' dir='ltr'>τοῦ</span> <span class='ocrx_word' id='word_1_12' title='bbox 1024 630 1117 706; x_wconf 80' lang='grc' dir='ltr'>ἁγίου</span> <span class='ocrx_word' id='word_1_13' title='bbox 1148 630 1337 695; x_wconf 84' lang='grc' dir='ltr'>ἀποστόλου</span> 
     </span>
     <span class='ocr_line' id='line_1_3' title="bbox 106 745 1339 823; baseline 0.002 -15"><span class='ocrx_word' id='word_1_14' title='bbox 106 745 229 823; x_wconf 87' lang='grc' dir='ltr'>Θωμὰ.</span> <span class='ocrx_word' id='word_1_15' title='bbox 251 783 259 794; x_wconf 73' lang='lat'>=</span> <span class='ocrx_word' id='word_1_16' title='bbox 1224 745 1295 811; x_wconf 80' lang='lat' dir='ltr'>Oct.</span> <span class='ocrx_word' id='word_1_17' title='bbox 1310 747 1339 810; x_wconf 87' lang='grc'>6.</span> 
     </span>
     <span class='ocr_line' id='line_1_4' title="bbox 269 861 1339 928; baseline 0.001 -14"><span class='ocrx_word' id='word_1_18' title='bbox 269 861 323 914; x_wconf 85' lang='lat' dir='ltr'>Ine.</span> <span class='ocrx_word' id='word_1_19' title='bbox 342 861 468 926; x_wconf 88' lang='grc' dir='ltr'>Ἐγένετο</span> <span class='ocrx_word' id='word_1_20' title='bbox 493 863 563 927; x_wconf 88' lang='grc' dir='ltr'>μετὰ</span> <span class='ocrx_word' id='word_1_21' title='bbox 579 862 613 916; x_wconf 89' lang='grc' dir='ltr'>τό</span> <span class='ocrx_word' id='word_1_22' title='bbox 638 863 794 927; x_wconf 79' lang='grc' dir='ltr'>ἀναστῆναι</span> <span class='ocrx_word' id='word_1_23' title='bbox 813 861 864 914; x_wconf 93' lang='grc' dir='ltr'>τόν</span> <span class='ocrx_word' id='word_1_24' title='bbox 881 862 978 927; x_wconf 88' lang='grc' dir='ltr'>κόριον</span> <span class='ocrx_word' id='word_1_25' title='bbox 992 862 1073 928; x_wconf 84' lang='grc' dir='ltr'>ἡμῶν</span> <span class='ocrx_word' id='word_1_26' title='bbox 1098 863 1116 915; x_wconf 91' lang='grc'>1.</span> <span class='ocrx_word' id='word_1_27' title='bbox 1133 862 1162 915; x_wconf 91' lang='grc' dir='ltr'>Χ.</span> <span class='ocrx_word' id='word_1_28' title='bbox 1179 861 1209 916; x_wconf 93' lang='grc' dir='ltr'>ἐκ</span> <span class='ocrx_word' id='word_1_29' title='bbox 1227 861 1339 928; x_wconf 79' lang='grc' dir='ltr'>νεκρῶν</span> 
     </span>
     <span class='ocr_line' id='line_1_5' title="bbox 241 959 1339 1026; baseline 0.001 -14"><span class='ocrx_word' id='word_1_30' title='bbox 241 959 412 1024; x_wconf 92' lang='grc' dir='ltr'>συνίθρυοεν</span> <span class='ocrx_word' id='word_1_31' title='bbox 424 960 492 1024; x_wconf 85' lang='grc' dir='ltr'>τοὺς</span> <span class='ocrx_word' id='word_1_32' title='bbox 505 961 617 1014; x_wconf 89' lang='grc' dir='ltr'>διίιδεκα</span> <span class='ocrx_word' id='word_1_33' title='bbox 629 961 756 1026; x_wconf 90' lang='grc' dir='ltr'>μαθητάς</span> <span class='ocrx_word' id='word_1_34' title='bbox 769 960 857 1014; x_wconf 81' lang='grc' dir='ltr'>αὐτοῦ</span> <span class='ocrx_word' id='word_1_35' title='bbox 876 959 922 1012; x_wconf 88' lang='grc' dir='ltr'>καί</span> <span class='ocrx_word' id='word_1_36' title='bbox 938 960 1013 1025; x_wconf 85' lang='grc' dir='ltr'>λέγει</span> <span class='ocrx_word' id='word_1_37' title='bbox 1025 961 1120 1024; x_wconf 87' lang='grc' dir='ltr'>αὐτοῖς</span> <span class='ocrx_word' id='word_1_38' title='bbox 1132 989 1164 998; x_wconf 96' lang='grc'><strong>-</strong></span> <span class='ocrx_word' id='word_1_39' title='bbox 1173 961 1236 1013; x_wconf 81' lang='lat' dir='ltr'>Des.</span> <span class='ocrx_word' id='word_1_40' title='bbox 1248 959 1293 1013; x_wconf 88' lang='grc' dir='ltr'>καί</span> <span class='ocrx_word' id='word_1_41' title='bbox 1306 961 1339 1014; x_wconf 92' lang='grc' dir='ltr'>τό</span> 
     </span>
     <span class='ocr_line' id='line_1_6' title="bbox 235 1057 1339 1125; baseline 0 -13"><span class='ocrx_word' id='word_1_42' title='bbox 235 1057 372 1125; x_wconf 77' lang='grc' dir='ltr'>λείψανον</span> <span class='ocrx_word' id='word_1_43' title='bbox 390 1059 426 1124; x_wconf 88' lang='grc' dir='ltr'>μὴ</span> <span class='ocrx_word' id='word_1_44' title='bbox 445 1059 547 1125; x_wconf 81' lang='grc' dir='ltr'>εὑρών,</span> <span class='ocrx_word' id='word_1_45' title='bbox 568 1059 669 1124; x_wconf 84' lang='grc' dir='ltr'>ἔκλεψε</span> <span class='ocrx_word' id='word_1_46' title='bbox 686 1059 741 1124; x_wconf 86' lang='grc' dir='ltr'>γάρ</span> <span class='ocrx_word' id='word_1_47' title='bbox 759 1059 829 1112; x_wconf 88' lang='grc' dir='ltr'>αὺτό</span> <span class='ocrx_word' id='word_1_48' title='bbox 849 1064 909 1112; x_wconf 91' lang='grc' dir='ltr'>τῶν</span> <span class='ocrx_word' id='word_1_49' title='bbox 927 1062 1064 1125; x_wconf 85' lang='grc' dir='ltr'>μαθητῶν</span> <span class='ocrx_word' id='word_1_50' title='bbox 1083 1059 1173 1112; x_wconf 84' lang='grc' dir='ltr'>αὐτοῦ</span> <span class='ocrx_word' id='word_1_51' title='bbox 1191 1058 1242 1122; x_wconf 84' lang='grc' dir='ltr'>εἷς,</span> <span class='ocrx_word' id='word_1_52' title='bbox 1259 1059 1339 1113; x_wconf 85' lang='grc' dir='ltr'>κόνιν</span> 
     </span>
    </p>

    <p class='ocr_par' dir='ltr' id='par_1_3' title="bbox 237 1155 1337 1324">
     <span class='ocr_line' id='line_1_7' title="bbox 237 1155 801 1232; baseline 0.004 -24"><span class='ocrx_word' id='word_1_53' title='bbox 237 1156 308 1221; x_wconf 85' lang='grc' dir='ltr'>ἁρας</span> <span class='ocrx_word' id='word_1_54' title='bbox 319 1155 366 1209; x_wconf 84' lang='grc' dir='ltr'>καί</span> <span class='ocrx_word' id='word_1_55' title='bbox 374 1157 479 1232; x_wconf 78' lang='grc' dir='ltr'>ἑαυτοῦ</span> <span class='ocrx_word' id='word_1_56' title='bbox 490 1157 706 1223; x_wconf 88' lang='grc' dir='ltr'>προσψαόσας...</span> <span class='ocrx_word' id='word_1_57' title='bbox 719 1158 801 1224; x_wconf 91' lang='grc' dir='ltr'>ἀμήν.</span> 
     </span>
     <span class='ocr_line' id='line_1_8' title="bbox 269 1254 1337 1324; baseline 0.004 -18"><span class='ocrx_word' id='word_1_58' title='bbox 269 1254 308 1307; x_wconf 76' lang='lat' dir='ltr'>cf.</span> <span class='ocrx_word' id='word_1_59' title='bbox 320 1255 354 1308; x_wconf 88' lang='grc' dir='ltr'>λί.</span> <span class='ocrx_word' id='word_1_60' title='bbox 367 1255 399 1307; x_wconf 87' lang='lat' dir='ltr'>R.</span> <span class='ocrx_word' id='word_1_61' title='bbox 409 1255 499 1319; x_wconf 68' lang='grc' dir='ltr'>λοιπε,</span> <span class='ocrx_word' id='word_1_62' title='bbox 512 1255 675 1322; x_wconf 60' lang='lat' dir='ltr'><strong><em>apocrypha</em></strong></span> <span class='ocrx_word' id='word_1_63' title='bbox 686 1256 823 1322; x_wconf 74' lang='lat' dir='ltr'><em>anecdota,</em></span> <span class='ocrx_word' id='word_1_64' title='bbox 838 1255 871 1319; x_wconf 91' lang='lat'>11,</span> <span class='ocrx_word' id='word_1_65' title='bbox 879 1255 967 1309; x_wconf 75' lang='lat' dir='ltr'>Tffls</span> <span class='ocrx_word' id='word_1_66' title='bbox 979 1271 1029 1309; x_wconf 83' lang='grc' dir='ltr'>ιιιυ</span> <span class='ocrx_word' id='word_1_67' title='bbox 1041 1256 1156 1319; x_wconf 74' lang='grc' dir='ltr'>Βτυοιπο,</span> <span class='ocrx_word' id='word_1_68' title='bbox 1165 1256 1196 1321; x_wconf 89' lang='lat' dir='ltr'>V,</span> <span class='ocrx_word' id='word_1_69' title='bbox 1209 1257 1231 1319; x_wconf 86' lang='lat'>1,</span> <span class='ocrx_word' id='word_1_70' title='bbox 1243 1255 1337 1324; x_wconf 66' lang='lat'>28453</span> 
     </span>
    </p>
   </div>
   <div class='ocr_carea' id='block_1_3' title="bbox 235 1353 1339 1516">
    <p class='ocr_par' dir='ltr' id='par_1_4' title="bbox 235 1353 1339 1516">
     <span class='ocr_line' id='line_1_9' title="bbox 235 1353 1339 1421; baseline 0.002 -15"><span class='ocrx_word' id='word_1_71' title='bbox 235 1353 267 1406; x_wconf 91' lang='lat' dir='ltr'>D.</span> <span class='ocrx_word' id='word_1_72' title='bbox 279 1353 399 1416; x_wconf 75' lang='grc' dir='ltr'>Τιιιιωλ,</span> <span class='ocrx_word' id='word_1_73' title='bbox 411 1354 480 1407; x_wconf 77' lang='lat' dir='ltr'><strong><em>Acta</em></strong></span> <span class='ocrx_word' id='word_1_74' title='bbox 499 1353 614 1408; x_wconf 81' lang='grc' dir='ltr'>Τλουιαο</span> <span class='ocrx_word' id='word_1_75' title='bbox 630 1355 796 1421; x_wconf 71' lang='lat' dir='ltr'><em>apocrypha,</em></span> <span class='ocrx_word' id='word_1_76' title='bbox 818 1355 978 1408; x_wconf 77' lang='grc' dir='ltr'>Βοιωιαοιιτι</span> <span class='ocrx_word' id='word_1_77' title='bbox 997 1371 1077 1408; x_wconf 70' lang='lat' dir='ltr'>num</span> <span class='ocrx_word' id='word_1_78' title='bbox 1090 1355 1121 1408; x_wconf 80' lang='lat' dir='ltr'>H.</span> <span class='ocrx_word' id='word_1_79' title='bbox 1134 1353 1285 1408; x_wconf 75' lang='grc' dir='ltr'>Αοολυπυιι</span> <span class='ocrx_word' id='word_1_80' title='bbox 1297 1371 1339 1408; x_wconf 79' lang='grc' dir='ltr'>ωτι</span> 
     </span>
     <span class='ocr_line' id='line_1_10' title="bbox 236 1451 745 1516; baseline 0.004 -12"><span class='ocrx_word' id='word_1_81' title='bbox 236 1451 333 1514; x_wconf 60' lang='lat' dir='ltr'><strong>Lucem,</strong></span> <span class='ocrx_word' id='word_1_82' title='bbox 346 1451 372 1504; x_wconf 89' lang='lat' dir='ltr'>S.</span> <span class='ocrx_word' id='word_1_83' title='bbox 384 1451 415 1514; x_wconf 86' lang='lat' dir='ltr'>V,</span> <span class='ocrx_word' id='word_1_84' title='bbox 431 1455 449 1505; x_wconf 81' lang='lat' dir='ltr'>t.</span> <span class='ocrx_word' id='word_1_85' title='bbox 461 1451 511 1504; x_wconf 87' lang='lat' dir='ltr'>XII</span> <span class='ocrx_word' id='word_1_86' title='bbox 522 1452 616 1516; x_wconf 78' lang='lat'><strong>(1903),</strong></span> <span class='ocrx_word' id='word_1_87' title='bbox 625 1453 745 1506; x_wconf 75' lang='lat'>387-408.</span> 
     </span>
    </p>
   </div>
   <div class='ocr_carea' id='block_1_4' title="bbox 101 1553 1339 1753">
    <p class='ocr_par' dir='ltr' id='par_1_5' title="bbox 101 1553 1339 1753">
     <span class='ocr_line' id='line_1_11' title="bbox 148 1553 1339 1640; baseline 0.003 -20"><span class='ocrx_word' id='word_1_88' title='bbox 148 1553 205 1622; x_wconf 73' lang='grc'>13.</span> <span class='ocrx_word' id='word_1_89' title='bbox 228 1557 310 1640; x_wconf 81' lang='lat' dir='ltr'><strong>(Fol.</strong></span> <span class='ocrx_word' id='word_1_90' title='bbox 323 1557 455 1640; x_wconf 78' lang='lat' dir='ltr'>70v-76).</span> <span class='ocrx_word' id='word_1_91' title='bbox 470 1559 609 1637; x_wconf 91' lang='grc' dir='ltr'>Λέοντος</span> <span class='ocrx_word' id='word_1_92' title='bbox 626 1562 842 1638; x_wconf 86' lang='grc' dir='ltr'>βραχυτελοῡς</span> <span class='ocrx_word' id='word_1_93' title='bbox 864 1560 1018 1637; x_wconf 88' lang='grc' dir='ltr'>γέροντος</span> <span class='ocrx_word' id='word_1_94' title='bbox 1042 1561 1175 1623; x_wconf 86' lang='grc' dir='ltr'>Σικελοῦ</span> <span class='ocrx_word' id='word_1_95' title='bbox 1197 1580 1339 1638; x_wconf 88' lang='grc' dir='ltr'>γραμμα·</span> 
     </span>
     <span class='ocr_line' id='line_1_12' title="bbox 101 1672 1336 1753; baseline 0.004 -19"><span class='ocrx_word' id='word_1_96' title='bbox 101 1674 193 1735; x_wconf 90' lang='grc' dir='ltr'>τικοῡ</span> <span class='ocrx_word' id='word_1_97' title='bbox 210 1672 369 1750; x_wconf 84' lang='grc' dir='ltr'>ἐγκώμιον</span> <span class='ocrx_word' id='word_1_98' title='bbox 384 1672 428 1750; x_wconf 87' lang='grc' dir='ltr'>εἰς</span> <span class='ocrx_word' id='word_1_99' title='bbox 442 1673 501 1737; x_wconf 91' lang='grc' dir='ltr'>τὸν</span> <span class='ocrx_word' id='word_1_100' title='bbox 515 1672 608 1750; x_wconf 90' lang='grc' dir='ltr'>άγιον</span> <span class='ocrx_word' id='word_1_101' title='bbox 627 1673 834 1751; x_wconf 91' lang='grc' dir='ltr'>Νεκτάριον</span> <span class='ocrx_word' id='word_1_102' title='bbox 848 1673 1024 1753; x_wconf 91' lang='grc' dir='ltr'>γενάμενον</span> <span class='ocrx_word' id='word_1_103' title='bbox 1039 1674 1103 1738; x_wconf 86' lang='grc' dir='ltr'>ἀπὸ</span> <span class='ocrx_word' id='word_1_104' title='bbox 1120 1675 1336 1751; x_wconf 90' lang='grc' dir='ltr'>κοιαιστόρων</span> 
     </span>
    </p>
   </div>
   <div class='ocr_carea' id='block_1_5' title="bbox 101 1781 1337 1868">
    <p class='ocr_par' dir='ltr' id='par_1_6' title="bbox 101 1781 1337 1868">
     <span class='ocr_line' id='line_1_13' title="bbox 101 1781 1337 1868; baseline 0.002 -19"><span class='ocrx_word' id='word_1_105' title='bbox 101 1787 300 1868; x_wconf 88' lang='grc' dir='ltr'>πατριάρχου</span> <span class='ocrx_word' id='word_1_106' title='bbox 314 1787 687 1867; x_wconf 89' lang='grc' dir='ltr'>Κωνσταντινουπόλεως</span> <span class='ocrx_word' id='word_1_107' title='bbox 702 1788 741 1852; x_wconf 91' lang='grc' dir='ltr'>δι’</span> <span class='ocrx_word' id='word_1_108' title='bbox 758 1788 858 1866; x_wconf 81' lang='grc' dir='ltr'>ἄκραν</span> <span class='ocrx_word' id='word_1_109' title='bbox 869 1781 997 1868; x_wconf 81' lang='grc' dir='ltr'>ἀρετῆς.</span> <span class='ocrx_word' id='word_1_110' title='bbox 1200 1789 1270 1854; x_wconf 81' lang='lat' dir='ltr'>Oet.</span> <span class='ocrx_word' id='word_1_111' title='bbox 1289 1789 1337 1852; x_wconf 90' lang='lat'>11.</span> 
     </span>
    </p>
   </div>
   <div class='ocr_carea' id='block_1_6' title="bbox 237 1901 1339 2170">
    <p class='ocr_par' dir='ltr' id='par_1_7' title="bbox 237 1901 1339 2170">
     <span class='ocr_line' id='line_1_14' title="bbox 269 1901 1338 1970; baseline -0.001 -15"><span class='ocrx_word' id='word_1_112' title='bbox 269 1902 323 1956; x_wconf 90' lang='lat' dir='ltr'>Ine.</span> <span class='ocrx_word' id='word_1_113' title='bbox 341 1901 457 1970; x_wconf 84' lang='grc' dir='ltr'>Ἀρετὴν</span> <span class='ocrx_word' id='word_1_114' title='bbox 480 1903 602 1958; x_wconf 81' lang='grc' dir='ltr'>ἐπαινεῖν</span> <span class='ocrx_word' id='word_1_115' title='bbox 624 1903 745 1970; x_wconf 77' lang='grc' dir='ltr'>αἱρετόν,</span> <span class='ocrx_word' id='word_1_116' title='bbox 767 1904 871 1970; x_wconf 83' lang='grc' dir='ltr'>ἀρετὴν</span> <span class='ocrx_word' id='word_1_117' title='bbox 896 1905 927 1957; x_wconf 90' lang='grc' dir='ltr'>δέ</span> <span class='ocrx_word' id='word_1_118' title='bbox 950 1904 1074 1969; x_wconf 82' lang='grc' dir='ltr'>ἐνεργεῖν</span> <span class='ocrx_word' id='word_1_119' title='bbox 1094 1903 1284 1970; x_wconf 79' lang='grc' dir='ltr'>αἱρετώτερον</span> <span class='ocrx_word' id='word_1_120' title='bbox 1307 1931 1338 1940; x_wconf 98' lang='grc'>-</span> 
     </span>
     <span class='ocr_line' id='line_1_15' title="bbox 237 2001 1339 2069; baseline 0 -15"><span class='ocrx_word' id='word_1_121' title='bbox 237 2002 298 2054; x_wconf 84' lang='lat' dir='ltr'>Des.</span> <span class='ocrx_word' id='word_1_122' title='bbox 310 2001 343 2068; x_wconf 86' lang='grc' dir='ltr'>ἧς</span> <span class='ocrx_word' id='word_1_123' title='bbox 357 2003 506 2065; x_wconf 80' lang='grc' dir='ltr'>ἀπολαύεις</span> <span class='ocrx_word' id='word_1_124' title='bbox 519 2002 572 2055; x_wconf 85' lang='grc' dir='ltr'>σὺν</span> <span class='ocrx_word' id='word_1_125' title='bbox 584 2002 679 2066; x_wconf 86' lang='grc' dir='ltr'>ἀῡλοις</span> <span class='ocrx_word' id='word_1_126' title='bbox 692 2003 821 2068; x_wconf 84' lang='grc' dir='ltr'>ἀγγέλοις</span> <span class='ocrx_word' id='word_1_127' title='bbox 841 2002 948 2069; x_wconf 81' lang='grc' dir='ltr'>ταύτης</span> <span class='ocrx_word' id='word_1_128' title='bbox 968 2001 1037 2068; x_wconf 85' lang='grc' dir='ltr'>μετά</span> <span class='ocrx_word' id='word_1_129' title='bbox 1048 2003 1166 2056; x_wconf 89' lang='grc' dir='ltr'>πάντων</span> <span class='ocrx_word' id='word_1_130' title='bbox 1184 2003 1215 2055; x_wconf 89' lang='grc' dir='ltr'>δέ</span> <span class='ocrx_word' id='word_1_131' title='bbox 1226 2005 1339 2067; x_wconf 85' lang='grc' dir='ltr'>τρυφάς</span> 
     </span>
     <span class='ocr_line' id='line_1_16' title="bbox 237 2099 993 2170; baseline 0.001 -18"><span class='ocrx_word' id='word_1_132' title='bbox 237 2099 338 2165; x_wconf 81' lang='grc' dir='ltr'>ἁγίων·</span> <span class='ocrx_word' id='word_1_133' title='bbox 352 2101 423 2167; x_wconf 79' lang='grc' dir='ltr'>αὐτῇ</span> <span class='ocrx_word' id='word_1_134' title='bbox 434 2102 506 2170; x_wconf 89' lang='grc' dir='ltr'>μόνη</span> <span class='ocrx_word' id='word_1_135' title='bbox 516 2102 584 2156; x_wconf 82' lang='grc' dir='ltr'>δόξα</span> <span class='ocrx_word' id='word_1_136' title='bbox 596 2118 627 2154; x_wconf 91' lang='grc' dir='ltr'>τε</span> <span class='ocrx_word' id='word_1_137' title='bbox 641 2102 704 2168; x_wconf 89' lang='grc' dir='ltr'>τιμὴ</span> <span class='ocrx_word' id='word_1_138' title='bbox 715 2101 760 2155; x_wconf 83' lang='grc' dir='ltr'>καί</span> <span class='ocrx_word' id='word_1_139' title='bbox 772 2103 901 2168; x_wconf 87' lang='grc' dir='ltr'>κρότος...</span> <span class='ocrx_word' id='word_1_140' title='bbox 912 2102 993 2168; x_wconf 79' lang='grc' dir='ltr'>ἁμήν,</span> 
     </span>
    </p>
   </div>
   <div class='ocr_carea' id='block_1_7' title="bbox 101 2214 1395 3586">
    <p class='ocr_par' dir='ltr' id='par_1_8' title="bbox 102 2214 1393 2908">
     <span class='ocr_line' id='line_1_17' title="bbox 147 2214 1335 2298; baseline -0.001 -20"><span class='ocrx_word' id='word_1_141' title='bbox 147 2223 204 2278; x_wconf 89' lang='grc'>14.</span> <span class='ocrx_word' id='word_1_142' title='bbox 227 2214 308 2296; x_wconf 81' lang='lat' dir='ltr'>(Fol.</span> <span class='ocrx_word' id='word_1_143' title='bbox 324 2215 457 2298; x_wconf 79' lang='lat' dir='ltr'>76-96v).</span> <span class='ocrx_word' id='word_1_144' title='bbox 472 2217 631 2294; x_wconf 88' lang='grc' dir='ltr'>Διήγησις</span> <span class='ocrx_word' id='word_1_145' title='bbox 646 2220 713 2280; x_wconf 86' lang='grc' dir='ltr'>τῶν</span> <span class='ocrx_word' id='word_1_146' title='bbox 727 2216 900 2295; x_wconf 88' lang='grc' dir='ltr'>θαυμάτων</span> <span class='ocrx_word' id='word_1_147' title='bbox 923 2219 981 2279; x_wconf 84' lang='grc' dir='ltr'>τοῦ</span> <span class='ocrx_word' id='word_1_148' title='bbox 1004 2217 1098 2294; x_wconf 89' lang='grc' dir='ltr'>ἁγίου</span> <span class='ocrx_word' id='word_1_149' title='bbox 1124 2217 1174 2279; x_wconf 87' lang='grc' dir='ltr'>καὶ</span> <span class='ocrx_word' id='word_1_150' title='bbox 1196 2216 1335 2281; x_wconf 82' lang='grc' dir='ltr'>ἐνδόξου</span> 
     </span>
     <span class='ocr_line' id='line_1_18' title="bbox 102 2330 1338 2410; baseline 0.003 -16"><span class='ocrx_word' id='word_1_151' title='bbox 102 2331 391 2410; x_wconf 88' lang='grc' dir='ltr'>μεγαλομάρτυρος</span> <span class='ocrx_word' id='word_1_152' title='bbox 406 2332 456 2394; x_wconf 84' lang='grc' dir='ltr'>καὶ</span> <span class='ocrx_word' id='word_1_153' title='bbox 471 2335 722 2410; x_wconf 85' lang='grc' dir='ltr'>θαυματουργοῦ</span> <span class='ocrx_word' id='word_1_154' title='bbox 738 2331 944 2410; x_wconf 88' lang='grc' dir='ltr'>Ἀρτεμίου.</span> <span class='ocrx_word' id='word_1_155' title='bbox 1204 2330 1274 2396; x_wconf 83' lang='lat' dir='ltr'><strong>Oet.</strong></span> <span class='ocrx_word' id='word_1_156' title='bbox 1286 2332 1338 2398; x_wconf 67' lang='lat'>20.</span> 
     </span>
     <span class='ocr_line' id='line_1_19' title="bbox 269 2445 1338 2513; baseline 0.001 -14"><span class='ocrx_word' id='word_1_157' title='bbox 269 2446 323 2500; x_wconf 87' lang='grc' dir='ltr'>Ιιιο.</span> <span class='ocrx_word' id='word_1_158' title='bbox 345 2445 396 2501; x_wconf 86' lang='grc' dir='ltr'>Οἷά</span> <span class='ocrx_word' id='word_1_159' title='bbox 417 2463 460 2510; x_wconf 92' lang='grc' dir='ltr'>τις</span> <span class='ocrx_word' id='word_1_160' title='bbox 480 2447 615 2501; x_wconf 74' lang='grc' dir='ltr'>εἰσελθὼν</span> <span class='ocrx_word' id='word_1_161' title='bbox 637 2446 676 2510; x_wconf 84' lang='grc' dir='ltr'>είς</span> <span class='ocrx_word' id='word_1_162' title='bbox 695 2449 869 2513; x_wconf 76' lang='grc' dir='ltr'>παράδεισον</span> <span class='ocrx_word' id='word_1_163' title='bbox 892 2447 937 2500; x_wconf 89' lang='grc' dir='ltr'>καί</span> <span class='ocrx_word' id='word_1_164' title='bbox 960 2449 1076 2501; x_wconf 86' lang='grc' dir='ltr'>πολλῶν</span> <span class='ocrx_word' id='word_1_165' title='bbox 1097 2447 1224 2512; x_wconf 85' lang='grc' dir='ltr'>δένδρων</span> <span class='ocrx_word' id='word_1_166' title='bbox 1248 2446 1338 2510; x_wconf 90' lang='grc' dir='ltr'>είδέας</span> 
     </span>
     <span class='ocr_line' id='line_1_20' title="bbox 236 2544 1338 2611; baseline -0.001 -13"><span class='ocrx_word' id='word_1_167' title='bbox 236 2545 370 2611; x_wconf 82' lang='grc' dir='ltr'>ἑωρακὼς</span> <span class='ocrx_word' id='word_1_168' title='bbox 391 2574 423 2583; x_wconf 95' lang='grc'><strong>-</strong></span> <span class='ocrx_word' id='word_1_169' title='bbox 434 2545 564 2598; x_wconf 86' lang='lat' dir='ltr'><strong>Miracula</strong></span> <span class='ocrx_word' id='word_1_170' title='bbox 581 2545 703 2600; x_wconf 84' lang='lat' dir='ltr'>numeris</span> <span class='ocrx_word' id='word_1_171' title='bbox 715 2545 841 2599; x_wconf 81' lang='lat' dir='ltr'>distincta</span> <span class='ocrx_word' id='word_1_172' title='bbox 852 2545 932 2598; x_wconf 87' lang='lat' dir='ltr'>XLV.</span> <span class='ocrx_word' id='word_1_173' title='bbox 946 2547 1046 2610; x_wconf 88' lang='grc' dir='ltr'>Θαθμα</span> <span class='ocrx_word' id='word_1_174' title='bbox 1068 2545 1101 2599; x_wconf 90' lang='grc' dir='ltr'>α’.</span> <span class='ocrx_word' id='word_1_175' title='bbox 1118 2544 1281 2611; x_wconf 80' lang='grc' dir='ltr'>Ἀρχιατρός</span> <span class='ocrx_word' id='word_1_176' title='bbox 1296 2559 1338 2608; x_wconf 89' lang='grc' dir='ltr'>τις</span> 
     </span>
     <span class='ocr_line' id='line_1_21' title="bbox 222 2642 1339 2711; baseline 0 -15"><span class='ocrx_word' id='word_1_177' title='bbox 222 2645 366 2708; x_wconf 77' lang='grc' dir='ltr'>τοῦνομα</span> <span class='ocrx_word' id='word_1_178' title='bbox 382 2642 526 2711; x_wconf 86' lang='grc' dir='ltr'>Ἀνθημος</span> <span class='ocrx_word' id='word_1_179' title='bbox 544 2645 606 2698; x_wconf 87' lang='grc' dir='ltr'>υίόν</span> <span class='ocrx_word' id='word_1_180' title='bbox 625 2645 705 2706; x_wconf 80' lang='grc' dir='ltr'>ἔσχεν</span> <span class='ocrx_word' id='word_1_181' title='bbox 726 2645 764 2708; x_wconf 87' lang='grc' dir='ltr'>ὡς</span> <span class='ocrx_word' id='word_1_182' title='bbox 785 2644 859 2698; x_wconf 85' lang='grc' dir='ltr'>ἐτῶν</span> <span class='ocrx_word' id='word_1_183' title='bbox 878 2643 991 2700; x_wconf 81' lang='grc' dir='ltr'>εἴκοσι...</span> <span class='ocrx_word' id='word_1_184' title='bbox 1011 2673 1043 2682; x_wconf 93' lang='grc'><strong>-</strong></span> <span class='ocrx_word' id='word_1_185' title='bbox 1062 2645 1162 2710; x_wconf 85' lang='grc' dir='ltr'>θαῦμα</span> <span class='ocrx_word' id='word_1_186' title='bbox 1182 2643 1230 2710; x_wconf 86' lang='grc' dir='ltr'>με’.</span> <span class='ocrx_word' id='word_1_187' title='bbox 1243 2643 1339 2709; x_wconf 86' lang='grc' dir='ltr'>Ἑτέρα</span> 
     </span>
     <span class='ocr_line' id='line_1_22' title="bbox 235 2742 1393 2810; baseline 0.001 -16"><span class='ocrx_word' id='word_1_188' title='bbox 235 2744 319 2796; x_wconf 86' lang='grc' dir='ltr'>πάλιν</span> <span class='ocrx_word' id='word_1_189' title='bbox 330 2743 402 2809; x_wconf 89' lang='grc' dir='ltr'>γυνή</span> <span class='ocrx_word' id='word_1_190' title='bbox 415 2759 457 2806; x_wconf 93' lang='grc' dir='ltr'>τις</span> <span class='ocrx_word' id='word_1_191' title='bbox 470 2744 564 2796; x_wconf 84' lang='grc' dir='ltr'>ἔτεκεν</span> <span class='ocrx_word' id='word_1_192' title='bbox 576 2745 677 2797; x_wconf 88' lang='grc' dir='ltr'>τέκνον</span> <span class='ocrx_word' id='word_1_193' title='bbox 689 2743 775 2810; x_wconf 82' lang='grc' dir='ltr'>ἄρρεν</span> <span class='ocrx_word' id='word_1_194' title='bbox 787 2773 818 2782; x_wconf 97' lang='grc'>-</span> <span class='ocrx_word' id='word_1_195' title='bbox 829 2745 890 2796; x_wconf 85' lang='lat' dir='ltr'>Des.</span> <span class='ocrx_word' id='word_1_196' title='bbox 904 2743 949 2796; x_wconf 88' lang='grc' dir='ltr'>καὶ</span> <span class='ocrx_word' id='word_1_197' title='bbox 961 2744 1078 2810; x_wconf 90' lang='grc' dir='ltr'>ἐρριψεν</span> <span class='ocrx_word' id='word_1_198' title='bbox 1088 2743 1193 2808; x_wconf 78' lang='grc' dir='ltr'>ἑαυτὴν</span> <span class='ocrx_word' id='word_1_199' title='bbox 1203 2742 1339 2810; x_wconf 84' lang='grc' dir='ltr'>ἁπλωτήν</span> <span class='ocrx_word' id='word_1_200' title='bbox 1382 2795 1393 2810; x_wconf 66' lang='grc'>,</span> 
     </span>
     <span class='ocr_line' id='line_1_23' title="bbox 239 2840 1337 2908; baseline 0 -14"><span class='ocrx_word' id='word_1_201' title='bbox 239 2841 292 2894; x_wconf 82' lang='grc' dir='ltr'>σὺν</span> <span class='ocrx_word' id='word_1_202' title='bbox 304 2845 346 2908; x_wconf 87' lang='grc' dir='ltr'>τῷ</span> <span class='ocrx_word' id='word_1_203' title='bbox 358 2841 449 2907; x_wconf 84' lang='grc' dir='ltr'>τέκνῳ</span> <span class='ocrx_word' id='word_1_204' title='bbox 462 2840 500 2904; x_wconf 86' lang='grc' dir='ltr'>εἰς</span> <span class='ocrx_word' id='word_1_205' title='bbox 512 2843 546 2894; x_wconf 90' lang='grc' dir='ltr'>τό</span> <span class='ocrx_word' id='word_1_206' title='bbox 565 2843 672 2908; x_wconf 83' lang='grc' dir='ltr'>ἔδαφος</span> <span class='ocrx_word' id='word_1_207' title='bbox 692 2842 898 2908; x_wconf 82' lang='grc' dir='ltr'>εὺχαριστοῡσα</span> <span class='ocrx_word' id='word_1_208' title='bbox 918 2847 960 2908; x_wconf 81' lang='grc' dir='ltr'>τῷ</span> <span class='ocrx_word' id='word_1_209' title='bbox 973 2843 1036 2908; x_wconf 81' lang='grc' dir='ltr'>Θεῷ</span> <span class='ocrx_word' id='word_1_210' title='bbox 1056 2841 1101 2894; x_wconf 85' lang='grc' dir='ltr'>καὶ</span> <span class='ocrx_word' id='word_1_211' title='bbox 1119 2846 1161 2908; x_wconf 83' lang='grc' dir='ltr'>τῶ</span> <span class='ocrx_word' id='word_1_212' title='bbox 1173 2841 1337 2907; x_wconf 85' lang='grc' dir='ltr'>Προδρόμιμ</span> 
     </span>
    </p>

    <p class='ocr_par' dir='ltr' id='par_1_9' title="bbox 237 2939 1016 3008">
     <span class='ocr_line' id='line_1_24' title="bbox 237 2939 1016 3008; baseline 0.001 -15"><span class='ocrx_word' id='word_1_213' title='bbox 237 2939 283 2993; x_wconf 86' lang='grc' dir='ltr'>καί</span> <span class='ocrx_word' id='word_1_214' title='bbox 293 2943 335 3007; x_wconf 82' lang='grc' dir='ltr'>τῷ</span> <span class='ocrx_word' id='word_1_215' title='bbox 348 2939 419 3008; x_wconf 88' lang='grc' dir='ltr'>ἁγίῳ</span> <span class='ocrx_word' id='word_1_216' title='bbox 431 2940 552 3006; x_wconf 90' lang='grc' dir='ltr'>μάρτυρι</span> <span class='ocrx_word' id='word_1_217' title='bbox 564 2940 609 2993; x_wconf 83' lang='grc' dir='ltr'>καὶ</span> <span class='ocrx_word' id='word_1_218' title='bbox 621 2946 655 3006; x_wconf 78' lang='grc' dir='ltr'>τῇ</span> <span class='ocrx_word' id='word_1_219' title='bbox 668 2940 734 3006; x_wconf 84' lang='grc' dir='ltr'>ἁγίᾳ</span> <span class='ocrx_word' id='word_1_220' title='bbox 748 2940 921 3007; x_wconf 85' lang='grc' dir='ltr'>Φεβρωνίᾳ...</span> <span class='ocrx_word' id='word_1_221' title='bbox 935 2941 1016 3008; x_wconf 92' lang='grc' dir='ltr'>ἀμήν.</span> 
     </span>
    </p>

    <p class='ocr_par' dir='ltr' id='par_1_10' title="bbox 101 3046 1395 3586">
     <span class='ocr_line' id='line_1_25' title="bbox 152 3046 1339 3130; baseline 0 -20"><span class='ocrx_word' id='word_1_222' title='bbox 152 3053 206 3110; x_wconf 84' lang='grc'>15.</span> <span class='ocrx_word' id='word_1_223' title='bbox 231 3047 312 3128; x_wconf 81' lang='lat' dir='ltr'>(Fol.</span> <span class='ocrx_word' id='word_1_224' title='bbox 327 3046 496 3130; x_wconf 76' lang='lat' dir='ltr'>96v-105v).</span> <span class='ocrx_word' id='word_1_225' title='bbox 512 3047 699 3125; x_wconf 87' lang='grc' dir='ltr'>Μαρτόριον</span> <span class='ocrx_word' id='word_1_226' title='bbox 711 3051 778 3113; x_wconf 87' lang='grc' dir='ltr'>τῶν</span> <span class='ocrx_word' id='word_1_227' title='bbox 801 3046 901 3123; x_wconf 87' lang='grc' dir='ltr'>ἁγίων</span> <span class='ocrx_word' id='word_1_228' title='bbox 922 3048 1095 3125; x_wconf 89' lang='grc' dir='ltr'>μαρτόρων</span> <span class='ocrx_word' id='word_1_229' title='bbox 1117 3047 1175 3110; x_wconf 84' lang='grc' dir='ltr'>τοῦ</span> <span class='ocrx_word' id='word_1_230' title='bbox 1199 3046 1339 3124; x_wconf 85' lang='grc' dir='ltr'>Χριστοῦ</span> 
     </span>
     <span class='ocr_line' id='line_1_26' title="bbox 103 3161 1341 3246; baseline 0 -20"><span class='ocrx_word' id='word_1_231' title='bbox 103 3162 261 3240; x_wconf 80' lang='grc' dir='ltr'>ἑξήκοντα</span> <span class='ocrx_word' id='word_1_232' title='bbox 276 3164 326 3224; x_wconf 92' lang='grc' dir='ltr'>καὶ</span> <span class='ocrx_word' id='word_1_233' title='bbox 347 3165 445 3240; x_wconf 89' lang='grc' dir='ltr'>τριῶν</span> <span class='ocrx_word' id='word_1_234' title='bbox 467 3165 534 3226; x_wconf 88' lang='grc' dir='ltr'>τῶν</span> <span class='ocrx_word' id='word_1_235' title='bbox 556 3162 589 3227; x_wconf 89' lang='grc' dir='ltr'>ἐν</span> <span class='ocrx_word' id='word_1_236' title='bbox 614 3168 651 3246; x_wconf 79' lang='grc' dir='ltr'>τῇ</span> <span class='ocrx_word' id='word_1_237' title='bbox 669 3162 742 3245; x_wconf 88' lang='grc' dir='ltr'>ἁγίᾳ</span> <span class='ocrx_word' id='word_1_238' title='bbox 756 3163 846 3226; x_wconf 93' lang='grc' dir='ltr'>πόλει</span> <span class='ocrx_word' id='word_1_239' title='bbox 860 3161 1068 3241; x_wconf 81' lang='grc' dir='ltr'>Ἰερουσαλὴμ</span> <span class='ocrx_word' id='word_1_240' title='bbox 1084 3162 1341 3240; x_wconf 87' lang='grc' dir='ltr'>συλληφθέντων</span> 
     </span>
     <span class='ocr_line' id='line_1_27' title="bbox 101 3277 1340 3356; baseline -0.001 -15"><span class='ocrx_word' id='word_1_241' title='bbox 101 3277 173 3341; x_wconf 86' lang='grc' dir='ltr'>ὑπὸ</span> <span class='ocrx_word' id='word_1_242' title='bbox 188 3281 254 3341; x_wconf 86' lang='grc' dir='ltr'>τῶν</span> <span class='ocrx_word' id='word_1_243' title='bbox 269 3277 456 3355; x_wconf 85' lang='grc' dir='ltr'>Ἀγαρηνῶν</span> <span class='ocrx_word' id='word_1_244' title='bbox 470 3278 521 3341; x_wconf 87' lang='grc' dir='ltr'>καὶ</span> <span class='ocrx_word' id='word_1_245' title='bbox 536 3278 814 3356; x_wconf 84' lang='grc' dir='ltr'>μαρτυρησάντων</span> <span class='ocrx_word' id='word_1_246' title='bbox 829 3277 864 3343; x_wconf 89' lang='grc' dir='ltr'>ἐν</span> <span class='ocrx_word' id='word_1_247' title='bbox 878 3280 946 3356; x_wconf 91' lang='grc' dir='ltr'>τοῖς</span> <span class='ocrx_word' id='word_1_248' title='bbox 960 3277 1092 3356; x_wconf 88' lang='grc' dir='ltr'>χρόνοις</span> <span class='ocrx_word' id='word_1_249' title='bbox 1106 3279 1166 3341; x_wconf 86' lang='grc' dir='ltr'>τοῦ</span> <span class='ocrx_word' id='word_1_250' title='bbox 1180 3278 1340 3356; x_wconf 90' lang='grc' dir='ltr'>βασιλέως</span> 
     </span>
     <span class='ocr_line' id='line_1_28' title="bbox 101 3389 1337 3471; baseline -0.002 -14"><span class='ocrx_word' id='word_1_251' title='bbox 101 3393 248 3468; x_wconf 89' lang='grc' dir='ltr'>Λέοντος</span> <span class='ocrx_word' id='word_1_252' title='bbox 261 3394 320 3455; x_wconf 84' lang='grc' dir='ltr'>τοῦ</span> <span class='ocrx_word' id='word_1_253' title='bbox 335 3391 486 3470; x_wconf 89' lang='grc' dir='ltr'>Ἰσαόρου</span> <span class='ocrx_word' id='word_1_254' title='bbox 503 3395 696 3471; x_wconf 83' lang='grc' dir='ltr'>συγγραφὲν</span> <span class='ocrx_word' id='word_1_255' title='bbox 710 3393 797 3470; x_wconf 93' lang='grc' dir='ltr'>παρά</span> <span class='ocrx_word' id='word_1_256' title='bbox 807 3395 941 3471; x_wconf 88' lang='grc' dir='ltr'>Συμεὼν</span> <span class='ocrx_word' id='word_1_257' title='bbox 953 3389 1096 3471; x_wconf 83' lang='grc' dir='ltr'>μοναχοιῖ</span> <span class='ocrx_word' id='word_1_258' title='bbox 1112 3392 1337 3470; x_wconf 84' lang='grc' dir='ltr'>πρεσβυτέρου</span> 
     </span>
     <span class='ocr_line' id='line_1_29' title="bbox 101 3491 1395 3586; baseline -0.003 -15"><span class='ocrx_word' id='word_1_259' title='bbox 101 3509 157 3571; x_wconf 85' lang='grc' dir='ltr'>καὶ</span> <span class='ocrx_word' id='word_1_260' title='bbox 174 3491 365 3586; x_wconf 68' lang='grc' dir='ltr'>ἡσυγαστοῦ</span> <span class='ocrx_word' id='word_1_261' title='bbox 378 3510 437 3571; x_wconf 83' lang='grc' dir='ltr'>τοῦ</span> <span class='ocrx_word' id='word_1_262' title='bbox 454 3507 547 3584; x_wconf 92' lang='grc' dir='ltr'>ἁγίου</span> <span class='ocrx_word' id='word_1_263' title='bbox 564 3508 726 3585; x_wconf 89' lang='grc' dir='ltr'>σπηλαίου</span> <span class='ocrx_word' id='word_1_264' title='bbox 741 3511 801 3572; x_wconf 85' lang='grc' dir='ltr'>τοῦ</span> <span class='ocrx_word' id='word_1_265' title='bbox 816 3508 1177 3586; x_wconf 89' lang='grc' dir='ltr'>τεσσαρακονθημέρου.</span> <span class='ocrx_word' id='word_1_266' title='bbox 1206 3507 1275 3570; x_wconf 82' lang='lat' dir='ltr'>oct.</span> <span class='ocrx_word' id='word_1_267' title='bbox 1290 3505 1340 3568; x_wconf 69' lang='lat'>21.</span> <span class='ocrx_word' id='word_1_268' title='bbox 1393 3561 1395 3568; x_wconf 67' lang='grc'>.</span> 
     </span>
    </p>
   </div>
   <div class='ocr_carea' id='block_1_8' title="bbox 186 3618 1342 3885">
    <p class='ocr_par' dir='ltr' id='par_1_11' title="bbox 186 3618 1342 3885">
     <span class='ocr_line' id='line_1_30' title="bbox 274 3618 1341 3690; baseline -0.001 -18"><span class='ocrx_word' id='word_1_269' title='bbox 274 3621 329 3674; x_wconf 87' lang='grc' dir='ltr'>Ιοο.</span> <span class='ocrx_word' id='word_1_270' title='bbox 339 3620 368 3674; x_wconf 91' lang='grc' dir='ltr'><em>Ἡ</em></span> <span class='ocrx_word' id='word_1_271' title='bbox 378 3625 437 3673; x_wconf 92' lang='grc' dir='ltr'>τῶν</span> <span class='ocrx_word' id='word_1_272' title='bbox 450 3621 594 3687; x_wconf 89' lang='grc' dir='ltr'>μακαρίων</span> <span class='ocrx_word' id='word_1_273' title='bbox 607 3622 721 3686; x_wconf 87' lang='grc' dir='ltr'>ἀνδρῶν</span> <span class='ocrx_word' id='word_1_274' title='bbox 732 3621 860 3675; x_wconf 91' lang='grc' dir='ltr'>πολιτεία</span> <span class='ocrx_word' id='word_1_275' title='bbox 871 3621 917 3690; x_wconf 86' lang='grc' dir='ltr'>καί</span> <span class='ocrx_word' id='word_1_276' title='bbox 929 3621 955 3674; x_wconf 90' lang='grc' dir='ltr'>οἱ</span> <span class='ocrx_word' id='word_1_277' title='bbox 968 3620 1114 3688; x_wconf 85' lang='grc' dir='ltr'>ἀσκητικοὶ</span> <span class='ocrx_word' id='word_1_278' title='bbox 1127 3622 1235 3684; x_wconf 88' lang='grc' dir='ltr'>ἀγῶνες</span> <span class='ocrx_word' id='word_1_279' title='bbox 1248 3618 1293 3672; x_wconf 82' lang='grc' dir='ltr'>καί</span> <span class='ocrx_word' id='word_1_280' title='bbox 1305 3619 1341 3671; x_wconf 87' lang='grc' dir='ltr'>τὰ</span> 
     </span>
     <span class='ocr_line' id='line_1_31' title="bbox 186 3718 1341 3786; baseline -0.006 -10"><span class='ocrx_word' id='word_1_281' title='bbox 186 3769 190 3776; x_wconf 95' lang='grc'>.</span> <span class='ocrx_word' id='word_1_282' title='bbox 241 3720 399 3785; x_wconf 87' lang='grc' dir='ltr'>μαρτυρικά</span> <span class='ocrx_word' id='word_1_283' title='bbox 410 3721 561 3786; x_wconf 89' lang='grc' dir='ltr'>σκάμματα</span> <span class='ocrx_word' id='word_1_284' title='bbox 573 3719 610 3783; x_wconf 86' lang='grc' dir='ltr'>είς</span> <span class='ocrx_word' id='word_1_285' title='bbox 623 3719 759 3784; x_wconf 85' lang='grc' dir='ltr'>ἀκρόασιν</span> <span class='ocrx_word' id='word_1_286' title='bbox 770 3721 832 3782; x_wconf 88' lang='grc' dir='ltr'>ταῖς</span> <span class='ocrx_word' id='word_1_287' title='bbox 844 3720 988 3786; x_wconf 90' lang='grc' dir='ltr'>φιλοθέοις</span> <span class='ocrx_word' id='word_1_288' title='bbox 1001 3718 1190 3786; x_wconf 89' lang='grc' dir='ltr'>προτιθεμένα</span> <span class='ocrx_word' id='word_1_289' title='bbox 1203 3719 1341 3781; x_wconf 91' lang='grc' dir='ltr'>ἀκοαῖς-</span> 
     </span>
     <span class='ocr_line' id='line_1_32' title="bbox 242 3817 1342 3885; baseline -0.003 -13"><span class='ocrx_word' id='word_1_290' title='bbox 242 3819 304 3872; x_wconf 81' lang='lat' dir='ltr'><strong>Des.</strong></span> <span class='ocrx_word' id='word_1_291' title='bbox 316 3818 361 3871; x_wconf 88' lang='grc' dir='ltr'>καὶ</span> <span class='ocrx_word' id='word_1_292' title='bbox 376 3823 433 3872; x_wconf 86' lang='grc' dir='ltr'>πᾶν</span> <span class='ocrx_word' id='word_1_293' title='bbox 445 3819 489 3872; x_wconf 85' lang='grc' dir='ltr'>ὅτι</span> <span class='ocrx_word' id='word_1_294' title='bbox 500 3822 601 3872; x_wconf 90' lang='grc' dir='ltr'>παθῶν</span> <span class='ocrx_word' id='word_1_295' title='bbox 614 3834 645 3872; x_wconf 92' lang='grc' dir='ltr'>τε</span> <span class='ocrx_word' id='word_1_296' title='bbox 664 3817 709 3871; x_wconf 86' lang='grc' dir='ltr'>καὶ</span> <span class='ocrx_word' id='word_1_297' title='bbox 721 3818 893 3885; x_wconf 91' lang='grc' dir='ltr'>νοσημάτων</span> <span class='ocrx_word' id='word_1_298' title='bbox 909 3818 992 3882; x_wconf 91' lang='grc' dir='ltr'>γένος</span> <span class='ocrx_word' id='word_1_299' title='bbox 1014 3819 1136 3883; x_wconf 80' lang='grc' dir='ltr'>εὐχερῶς</span> <span class='ocrx_word' id='word_1_300' title='bbox 1153 3817 1342 3879; x_wconf 87' lang='grc' dir='ltr'>διαλυόντες..,</span> 
     </span>
    </p>
   </div>
   <div class='ocr_carea' id='block_1_9' title="bbox 99 3917 1342 4218">
    <p class='ocr_par' dir='ltr' id='par_1_12' title="bbox 99 3917 1342 4218">
     <span class='ocr_line' id='line_1_33' title="bbox 240 3919 324 3981; baseline 0 -11"><span class='ocrx_word' id='word_1_301' title='bbox 240 3919 281 3981; x_wconf 85' lang='grc' dir='ltr'>Ιἀμ</span> <span class='ocrx_word' id='word_1_302' title='bbox 300 3935 324 3970; x_wconf 90' lang='grc' dir='ltr'>ν.</span> 
     </span>
     <span class='ocr_line' id='line_1_34' title="bbox 153 3917 1341 4107; baseline -0.004 -19"><span class='ocrx_word' id='word_1_303' title='bbox 153 4031 214 4089; x_wconf 86' lang='grc'>16.</span> <span class='ocrx_word' id='word_1_304' title='bbox 238 3917 318 4106; x_wconf 71' lang='grc' dir='ltr'>(λ’ἁλ.</span> <span class='ocrx_word' id='word_1_305' title='bbox 336 4024 523 4107; x_wconf 79' lang='lat' dir='ltr'>105v-107v&gt;.</span> <span class='ocrx_word' id='word_1_306' title='bbox 546 4023 733 4102; x_wconf 88' lang='grc' dir='ltr'>Μαρτύριον</span> <span class='ocrx_word' id='word_1_307' title='bbox 755 4025 813 4087; x_wconf 86' lang='grc' dir='ltr'>τοῦ</span> <span class='ocrx_word' id='word_1_308' title='bbox 837 4023 929 4099; x_wconf 90' lang='grc' dir='ltr'>ἁγίου</span> <span class='ocrx_word' id='word_1_309' title='bbox 954 4023 1140 4101; x_wconf 89' lang='grc' dir='ltr'>Κυριακοῡ</span> <span class='ocrx_word' id='word_1_310' title='bbox 1162 4022 1341 4088; x_wconf 90' lang='grc' dir='ltr'>ἐπισκόπου</span> 
     </span>
     <span class='ocr_line' id='line_1_35' title="bbox 99 4137 1342 4218; baseline -0.002 -13"><span class='ocrx_word' id='word_1_311' title='bbox 99 4140 356 4218; x_wconf 89' lang='grc' dir='ltr'>Ἱεροσολύμων.</span> <span class='ocrx_word' id='word_1_312' title='bbox 1212 4137 1342 4202; x_wconf 59' lang='lat' dir='ltr'>om&amp;</span> 
     </span>
    </p>
   </div>
   <div class='ocr_carea' id='block_1_10' title="bbox 242 4253 1343 4616">
    <p class='ocr_par' dir='ltr' id='par_1_13' title="bbox 242 4253 1343 4616">
     <span class='ocr_line' id='line_1_36' title="bbox 275 4253 1342 4322; baseline -0.004 -14"><span class='ocrx_word' id='word_1_313' title='bbox 275 4255 330 4308; x_wconf 80' lang='lat' dir='ltr'>Ine.</span> <span class='ocrx_word' id='word_1_314' title='bbox 353 4255 433 4308; x_wconf 87' lang='grc' dir='ltr'>Μετὰ</span> <span class='ocrx_word' id='word_1_315' title='bbox 452 4256 486 4308; x_wconf 89' lang='grc' dir='ltr'>τό</span> <span class='ocrx_word' id='word_1_316' title='bbox 513 4257 697 4321; x_wconf 78' lang='grc' dir='ltr'>τελειωθῆναι</span> <span class='ocrx_word' id='word_1_317' title='bbox 724 4255 776 4310; x_wconf 91' lang='grc' dir='ltr'>τὸν</span> <span class='ocrx_word' id='word_1_318' title='bbox 800 4255 1023 4322; x_wconf 91' lang='grc' dir='ltr'>θεοφιλέστατον</span> <span class='ocrx_word' id='word_1_319' title='bbox 1050 4255 1267 4309; x_wconf 89' lang='grc' dir='ltr'>Κωνσταντῖνον</span> <span class='ocrx_word' id='word_1_320' title='bbox 1290 4253 1342 4305; x_wconf 90' lang='grc' dir='ltr'>τόν</span> 
     </span>
     <span class='ocr_line' id='line_1_37' title="bbox 244 4349 1343 4418; baseline -0.002 -14"><span class='ocrx_word' id='word_1_321' title='bbox 244 4351 358 4417; x_wconf 88' lang='grc' dir='ltr'>βασιλέα</span> <span class='ocrx_word' id='word_1_322' title='bbox 373 4351 418 4404; x_wconf 84' lang='grc' dir='ltr'>καί</span> <span class='ocrx_word' id='word_1_323' title='bbox 437 4352 608 4405; x_wconf 88' lang='grc' dir='ltr'>Κώνσταντα</span> <span class='ocrx_word' id='word_1_324' title='bbox 624 4353 676 4404; x_wconf 89' lang='grc' dir='ltr'>τόν</span> <span class='ocrx_word' id='word_1_325' title='bbox 692 4351 755 4406; x_wconf 83' lang='grc' dir='ltr'>υἱὸν</span> <span class='ocrx_word' id='word_1_326' title='bbox 774 4353 863 4405; x_wconf 79' lang='grc' dir='ltr'>αὐτοῦ</span> <span class='ocrx_word' id='word_1_327' title='bbox 876 4353 1019 4406; x_wconf 88' lang='grc' dir='ltr'>διεδέξατο</span> <span class='ocrx_word' id='word_1_328' title='bbox 1032 4352 1085 4418; x_wconf 86' lang='grc' dir='ltr'>τήν</span> <span class='ocrx_word' id='word_1_329' title='bbox 1098 4349 1239 4417; x_wconf 90' lang='grc' dir='ltr'>βασιλείαν</span> <span class='ocrx_word' id='word_1_330' title='bbox 1253 4349 1343 4404; x_wconf 85' lang='grc' dir='ltr'>αὑτοῦ</span> 
     </span>
     <span class='ocr_line' id='line_1_38' title="bbox 242 4448 1342 4517; baseline -0.002 -14"><span class='ocrx_word' id='word_1_331' title='bbox 242 4448 434 4513; x_wconf 90' lang='grc' dir='ltr'>Ἰουλιανός-</span> <span class='ocrx_word' id='word_1_332' title='bbox 447 4451 509 4504; x_wconf 76' lang='lat' dir='ltr'><strong>Des.</strong></span> <span class='ocrx_word' id='word_1_333' title='bbox 521 4450 562 4503; x_wconf 85' lang='grc' dir='ltr'>ῶν</span> <span class='ocrx_word' id='word_1_334' title='bbox 573 4451 609 4503; x_wconf 90' lang='grc' dir='ltr'>τά</span> <span class='ocrx_word' id='word_1_335' title='bbox 621 4450 697 4516; x_wconf 87' lang='grc' dir='ltr'>τίμια</span> <span class='ocrx_word' id='word_1_336' title='bbox 715 4451 834 4516; x_wconf 88' lang='grc' dir='ltr'>σώματα</span> <span class='ocrx_word' id='word_1_337' title='bbox 846 4450 979 4506; x_wconf 86' lang='grc' dir='ltr'>καταξίαν</span> <span class='ocrx_word' id='word_1_338' title='bbox 992 4455 1043 4517; x_wconf 82' lang='grc' dir='ltr'>τῆς</span> <span class='ocrx_word' id='word_1_339' title='bbox 1059 4449 1215 4517; x_wconf 87' lang='grc' dir='ltr'>μαρτυρίας</span> <span class='ocrx_word' id='word_1_340' title='bbox 1228 4449 1342 4515; x_wconf 84' lang='grc' dir='ltr'>ἐκήδευ-</span> 
     </span>
     <span class='ocr_line' id='line_1_39' title="bbox 245 4548 586 4616; baseline 0.003 -15"><span class='ocrx_word' id='word_1_341' title='bbox 245 4562 299 4602; x_wconf 92' lang='grc' dir='ltr'>σαν</span> <span class='ocrx_word' id='word_1_342' title='bbox 312 4548 339 4601; x_wconf 85' lang='grc' dir='ltr'>οί</span> <span class='ocrx_word' id='word_1_343' title='bbox 349 4549 493 4616; x_wconf 88' lang='grc' dir='ltr'>ἀδελφοί...</span> <span class='ocrx_word' id='word_1_344' title='bbox 507 4549 586 4616; x_wconf 82' lang='grc' dir='ltr'>ἀμήν.</span> 
     </span>
    </p>
   </div>
   <div class='ocr_carea' id='block_1_11' title="bbox 94 4653 1343 4873">
    <p class='ocr_par' dir='ltr' id='par_1_14' title="bbox 94 4653 1343 4873">
     <span class='ocr_line' id='line_1_40' title="bbox 150 4653 1340 4739; baseline -0.003 -19"><span class='ocrx_word' id='word_1_345' title='bbox 150 4665 212 4721; x_wconf 74' lang='grc'>17.</span> <span class='ocrx_word' id='word_1_346' title='bbox 236 4654 317 4736; x_wconf 79' lang='grc' dir='ltr'>(ίόί.</span> <span class='ocrx_word' id='word_1_347' title='bbox 335 4655 522 4739; x_wconf 82' lang='lat' dir='ltr'>107v-116v&gt;.</span> <span class='ocrx_word' id='word_1_348' title='bbox 536 4656 695 4734; x_wconf 87' lang='grc' dir='ltr'>Διήγησις</span> <span class='ocrx_word' id='word_1_349' title='bbox 720 4655 877 4734; x_wconf 85' lang='grc' dir='ltr'>Τιμοθέου</span> <span class='ocrx_word' id='word_1_350' title='bbox 905 4656 1084 4720; x_wconf 88' lang='grc' dir='ltr'>ἐπισκόπου</span> <span class='ocrx_word' id='word_1_351' title='bbox 1104 4653 1340 4731; x_wconf 88' lang='grc' dir='ltr'>Ἀλεξανδρείας</span> 
     </span>
     <span class='ocr_line' id='line_1_41' title="bbox 94 4767 1343 4873; baseline -0.006 -33"><span class='ocrx_word' id='word_1_352' title='bbox 94 4774 265 4873; x_wconf 72' lang='grc' dir='ltr'>περὶτῶν</span> <span class='ocrx_word' id='word_1_353' title='bbox 280 4770 452 4849; x_wconf 90' lang='grc' dir='ltr'>θαυμάτων</span> <span class='ocrx_word' id='word_1_354' title='bbox 467 4773 525 4834; x_wconf 87' lang='grc' dir='ltr'>τοῦ</span> <span class='ocrx_word' id='word_1_355' title='bbox 542 4771 635 4848; x_wconf 89' lang='grc' dir='ltr'>ἁγίου</span> <span class='ocrx_word' id='word_1_356' title='bbox 652 4769 936 4849; x_wconf 89' lang='grc' dir='ltr'>μεγαλομάρτυρος</span> <span class='ocrx_word' id='word_1_357' title='bbox 955 4771 1071 4849; x_wconf 86' lang='grc' dir='ltr'>Μηνᾶ.</span> <span class='ocrx_word' id='word_1_358' title='bbox 1197 4767 1279 4834; x_wconf 76' lang='grc' dir='ltr'>Νοτ.</span> <span class='ocrx_word' id='word_1_359' title='bbox 1296 4768 1343 4832; x_wconf 91' lang='grc'>11.</span> 
     </span>
    </p>
   </div>
   <div class='ocr_carea' id='block_1_12' title="bbox 0 0 1789 5746">
    <p class='ocr_par' dir='ltr' id='par_1_15' title="bbox 0 0 1789 5746">
     <span class='ocr_line' id='line_1_42' title="bbox 0 0 1789 5746; baseline 0 0"><span class='ocrx_word' id='word_1_360' title='bbox 0 0 1789 5746; x_wconf 95' lang='lat' dir='ltr'> </span> 
     </span>
    </p>
   </div>
  </div>
 </body>
</html>
