3558 5746
371 433 627 488 BIBLIOTHEGAE
653 435 916 488 UNIVERSITATIS
941 436 1184 490 MESSANENSIS.
1231 449 1237 459 ¹
1340 416 1388 490 55

205 635 259 693 10.
283 625 364 708 (Fol.
390 624 565 707 mov-187).
590 624 750 702 Διήγησις
774 623 947 690 Ἰωσίππου
978 625 1024 703 εἰς
1051 626 1088 690 τὸ
1119 619 1295 705 μαρτύριον
1322 626 1388 690 τῶν

160 741 262 820 ἁγίων
277 743 326 804 καὶ
341 738 485 806 ἐνδόξων
500 738 760 818 Μακκαβαίων.
774 770 815 793 =
830 739 880 804 3⁸.
1262 739 1344 822 Aug.
1362 740 1390 806 1.

205 865 262 922 11.
286 855 366 938 (ίόί.
391 853 562 939 ίβίῖ-ῦβό).
590 854 696 931 Λόγος
722 843 944 933 διαλαμβάνων
968 855 1008 918 τὰ
1032 855 1095 918 ἀπὸ
1125 858 1183 933 τῆς
1211 855 1390 934 σεβασμίας

160 971 346 1050 γεννήσεως
360 971 411 1035 καὶ
427 970 616 1048 ἀνατροφῆς
625 973 685 1047 τῆς
699 968 873 1047 ῦπεραγίας
887 970 1063 1048 δεσποίνης
1081 971 1173 1049 ῆμιῦν
1195 970 1388 1034 Θεοτόκου

160 1090 220 1164 τῆς
247 1088 452 1165 θεοπρεποῦς
479 1104 514 1148 τε
536 1084 722 1162 γεννήσεως
749 1084 888 1161 Χριστοῦ
917 1087 977 1149 τοῦ
1005 1085 1090 1148 Θεοῦ
1119 1085 1219 1165 ήμῶν,
1246 1089 1296 1149 καί
1325 1085 1391 1149 ὅσα

161 1202 250 1280 μέχρι
260 1205 319 1279 τῆς
333 1200 514 1280 ζωηφόρου
529 1199 629 1277 αὐτῆς
644 1199 827 1277 συνέδραμε
847 1201 996 1276 τελευτῆς
1017 1199 1068 1262 καὶ
1090 1200 1224 1277 προσέτι
1248 1199 1297 1262 καὶ
1319 1199 1391 1276 περὶ

161 1319 220 1394 τῆς
234 1316 458 1396 φανερώσεως
472 1318 531 1392 τῆς
551 1314 652 1392 τιμίας
667 1313 765 1391 αὐτῆς
783 1314 923 1392 ἐσθῆτος
943 1314 993 1377 καῖ
1016 1313 1109 1392 ὅπως
1130 1314 1149 1378 ὁ
1174 1315 1272 1393 μέγας
1292 1313 1392 1392 οὗτος

160 1435 303 1510 πλοῦτος
318 1433 514 1510 χριστιανοῖς
528 1429 791 1510 τεθησαύρισται.
1227 1428 1320 1511 [Aug.
1334 1428 1392 1507 15].

326 1548 383 1600 Ine.
394 1545 493 1611 Ἐχρῆν
506 1546 618 1612 ἀληθῶς
629 1545 683 1612 τήν
694 1543 837 1611 παρθένον
846 1545 943 1613 ὥσπερ
956 1545 1028 1611 αὐτῆ
1045 1549 1098 1598 τοῦ
1113 1546 1187 1600 Θεοῦ
1197 1545 1269 1612 πρός
1281 1543 1393 1610 ἀνθρώ-

293 1661 364 1709 πους
387 1645 536 1712 ἐπιφοιτᾶν
555 1642 750 1709 μέλλοντος-
767 1642 828 1696 Des.
840 1643 965 1709 ἐξυμνεῖν
982 1643 1033 1708 μὲν
1051 1644 1141 1709 αῦτῆν
1160 1644 1195 1710 δὴ
1210 1643 1264 1711 τῆν
1285 1643 1392 1708 ἐσθῆτα

295 1743 385 1806 οὐδεὶς
406 1742 478 1809 πρός
498 1741 631 1808 ἀλήθειαν
649 1741 734 1805 λόγος
746 1740 865 1806 ἐξαρκεῖ·
885 1741 1061 1808 εῦχαριστείφ
1079 1742 1111 1794 δέ
1131 1742 1202 1812 μόνη
1223 1742 1257 1795 τὸ
1277 1745 1393 1808 πρᾶγμα

296 1840 397 1896 δοτέον
408 1842 480 1908 αῦτῆ
489 1857 521 1894 τε
530 1846 564 1907 τῆ
578 1839 712 1905 Θεοτόκῳ
724 1840 804 1905 χάριν
813 1840 1011 1906 ὁμολογοῦσι...
1024 1840 1106 1907 ἀμήν.

328 1939 424 1994 Latine
435 1939 573 2003 Ιποοιιιια,
582 1938 626 2001 VI,
639 1939 767 1992 168178'.

208 2010 265 2103 1⁸2.
291 2036 371 2120 (Fol.
385 2036 561 2120 225v-244).
575 2036 819 2100 Χωνσταντίνου
836 2036 871 2101 ἐν
885 2035 1012 2118 Χριστῷ
1029 2038 1152 2115 βασιλεῖ
1167 2035 1285 2119 αἰωνίῳ
1301 2040 1390 2116 βασι-

161 2154 246 2232 λέως
259 2152 426 2232 Ῥωμαίων
451 2153 597 2230 διήγησις
624 2151 687 2216 άπὸ
710 2151 880 2230 διαφόρων
905 2151 1120 2229 ἀθροισθεῖσα
1148 2150 1302 2229 ἱστοριῶν
1321 2151 1394 2230 περὶ

163 2273 223 2348 τῆς
237 2269 319 2347 πρὸς
333 2268 484 2346 Αὔγαρον
498 2266 737 2344 ἀποσταλείσης
752 2266 996 2345 άχειροποιήτου
1015 2267 1102 2343 θείας
1120 2266 1245 2344 εἰκόνος
1267 2265 1392 2345 Ἰησοῦ

163 2384 330 2462 Χριστοῦ
352 2386 411 2448 τοῦ
434 2383 519 2448 θεοῦ
537 2384 628 2462 ἡμῶν
651 2382 701 2445 καὶ
723 2381 769 2459 ὡς
790 2381 823 2447 ἐξ
841 2363 1205 2460 Ἐδέσηςμετεκομίσθη
1229 2381 1313 2460 πρὸς
1333 2383 1392 2460 τῆν

161 2498 403 2578 πανευδαίμονα
415 2499 534 2576 ταύτην
550 2500 600 2562 καὶ
615 2497 762 2576 βασιλίδα
775 2500 841 2562 τιῦν
851 2496 979 2561 πόλεων
990 2496 1344 2561 Κωνσταντινοῦπολιν.
1353 2527 1394 2550 =

162 2615 228 2680 Βῦ.
830 2661 832 2666 -

208 2738 264 2796 13.
288 2729 368 2812 (Pol.
389 2729 564 2812 βάά-ῦόόῖ).
589 2729 696 2807 Λόγος
722 2728 945 2808 διαλαμβάνων
969 2729 1009 2793 τὰ
1034 2728 1105 2807 περὶ
1120 2733 1177 2807 τῆς
1194 2730 1393 2808 γεννήσεως,

163 2845 355 2924 ἀνατροφῆς
370 2845 421 2907 καὶ
435 2843 600 2922 ἀποτομῆς
613 2846 672 2908 τοῦ
688 2843 780 2920 ἁγίου
797 2845 847 2907 καὶ
861 2843 995 2910 ἐνδόξου
1011 2844 1185 2922 προφήτου
1212 2844 1262 2906 καὶ
1285 2848 1390 2922 βαπτι-

163 2963 249 3026 στοῦ
265 2960 439 3026 Ἰωάννου
453 2958 589 3038 καὶπερὶ
603 2963 661 3035 τῆς
676 2958 838 3036 εὑρέσεως
852 2963 909 3037 τῆς
924 2958 1025 3036 τιμίας
1036 2957 1139 3024 αὐτοῦ
1156 2961 1308 3038 κεφαλῆς.

328 3076 384 3130 Ine.
395 3075 526 3142 Ἰωάννην
543 3075 577 3127 τό
596 3073 667 3140 μέγα
684 3074 764 3137 κλέος
775 3078 826 3141 τῆς
840 3072 1006 3140 οἰκουμένης
1025 3073 1077 3128 τὸν
1097 3075 1252 3142 βαπτιστήν
1273 3074 1393 3128 ἐπαινεῖν

296 3176 346 3242 μέν
361 3175 464 3227 άπασιν
475 3173 589 3239 ἐφετόν,
601 3173 722 3226 ἐπαινεῖν
737 3173 769 3225 δέ
784 3172 856 3239 πρὸς
874 3173 952 3228 ἀξίαν
967 3202 999 3210 -
1018 3173 1079 3227 Des.
1092 3172 1138 3226 καὶ
1151 3174 1221 3239 μετὰ
1240 3177 1292 3226 τοῦ
1304 3173 1392 3238 λόγου

296 3277 347 3340 τῆς
359 3272 489 3339 ἀληθείας
502 3271 624 3338 κήρυκος
636 3271 766 3326 Ἰωάννου
775 3275 828 3325 τοῦ
838 3274 1001 3337 βαπτιστοῦ,
1011 3271 1045 3325 οῦ
1055 3270 1101 3326 καί
1109 3271 1163 3339 τῆν
1172 3271 1275 3340 ἑορτήν
1287 3272 1394 3339 ἄγομεν

298 3372 449 3438 σήμερον...
457 3371 538 3437 ἀμήν.

330 3469 426 3523 Latine
437 3467 574 3532 Ιποοιιιιιι,
586 3467 631 3532 VI,
642 3469 760 3521 199-203.

634 3753 763 3819 οοοιοι
785 3756 826 3818 υτ
846 3754 927 3839 (ις’).

196 3918 396 3983 Membraneus,
416 3918 546 3972 foliorum
565 3919 614 3972 219
634 3921 753 3986 (praeter
772 3918 920 3974 insiticium
938 3934 1025 3973 unum
1041 3917 1070 3972 in
1091 3917 1164 3980 fine),
1175 3917 1253 3981 0¹¹²,30
1267 3924 1293 3976 ><
1307 3916 1392 3982 0240,

157 4017 233 4073 binis
245 4017 380 4072 columnis
394 4016 507 4070 diversis
520 4016 646 4071 manibus
657 4033 728 4071 saec.
735 4016 799 4070 XIII
810 4021 946 4071 exaratus.
1171 4085 1174 4092 ⁴

196 4115 319 4171 Plurima
327 4116 400 4178 folia,
413 4115 574 4185 praesertim
585 4115 614 4168 in
625 4115 757 4183 principio
769 4115 840 4180 libri,
853 4132 949 4170 umore
960 4114 1058 4182 partim
1070 4114 1253 4182 pessumdata.

208 4273 242 4330 1.
267 4263 348 4346 (Fol.
366 4264 497 4346 1-151v).
512 4263 588 4341 Βίος
598 4266 657 4326 τοῦ
673 4263 769 4326 όσίου
785 4263 908 4342 πατρὸς
922 4261 1013 4342 ήμῶν
1026 4261 1279 4341 Παγκρατίου.

327 4379 382 4434 Ιιιο.
394 4380 519 4445 Ἐγένετο
533 4380 603 4446 μετά
613 4378 647 4432 τό
661 4381 859 4447 ἀναληφθῆναι
875 4379 927 4433 τόν
945 4379 1042 4444 κόριον
1060 4379 1141 4445 ἡμιῦν
1152 4377 1259 4443 Ἰησοῦν
1269 4375 1390 4442 Χριστὸν

295 4479 333 4543 εἰς
347 4479 414 4542 τοὺς
425 4477 565 4546 οὐρανοὺς
577 4478 623 4531 καῖ
631 4481 802 4545 καθεσθῆναι
811 4478 841 4532 ἐν
852 4479 927 4545 δεξιᾷ
934 4481 987 4530 τοῦ
1002 4478 1109 4543 πατρὸς
1122 4505 1153 4514 -
1166 4476 1228 4529 Des.
1238 4475 1329 4530 πολλά
1339 4475 1390 4542 μέν

216 4585 219 4592 ’
296 4578 348 4630 οῦν
369 4577 415 4630 καί
434 4577 586 4631 ἀνείκαστα
604 4576 735 4642 θαύματα
755 4577 854 4644 ἡθήκη
872 4580 925 4631 τοῦ
942 4575 1024 4640 ἁγίου
1046 4576 1082 4630 Π.
1101 4573 1244 4640 πεποίηκε,
1263 4573 1389 4639 ποικίλας

295 4675 401 4737 νόσους
413 4675 611 4739 θεραπεύουσα
629 4671 673 4725 καί
691 4671 825 4738 δαίμονας
839 4672 1062 4728 ἀπελαύνουσα...
1073 4675 1164 4724 ταῦτα
1181 4670 1212 4723 δέ
1228 4669 1390 4737 ἀνεγραψά-

296 4775 368 4838 μεθα
377 4771 510 4839 κατάτῆν
519 4772 636 4840 δύναμιν
648 4771 753 4836 ἡμῶν...
763 4769 844 4836 ἀμήν.
