3558 5746
449 420 497 494 60
573 439 777 494 οιτιιοουε
802 441 953 494 οοοιαυιι
978 441 1340 494 ιιιαιοοιιιιΡιτιαοιιυιι
1367 441 1570 495 αιιιιιαοιιυιι

490 638 525 696 5.
549 631 761 714 (11013865).
777 631 902 712 Μιχαὴλ
916 633 974 694 τού
990 631 1149 711 εὐσεβοῦς
1161 630 1406 711 ἀρχιμανδρίτου
1419 630 1464 708 είς
1474 631 1529 696 τὸν
1540 633 1600 712 βίον
1610 634 1650 696 καὶ

449 745 493 825 είς
507 746 547 809 τά
562 745 708 824 θαύματα
722 749 780 811 τοῦ
796 747 892 810 ὁσίου
908 747 1031 824 πατρὸς
1046 747 1137 826 ἡμῶν
1153 745 1352 810 Νικολάου.
1367 776 1408 798 =
1424 745 1485 812 33.

489 861 627 944 6.(601.
655 861 805 945 55v-59v).
840 862 1027 939 Μαρτύριον
1058 865 1116 940 τῆς
1145 861 1236 939 ἁγίας
1264 861 1443 950 ΛουκίαςΙ
1467 865 1523 940 τῆς
1554 861 1650 940 παράὲ·

448 997 519 1044 νου.
534 1007 575 1030 =
590 977 624 1040 B.

491 1100 527 1156 7.
549 1090 1014 1175 (Γοί.591-981).”ορασιςτοῦ
1030 1092 1203 1171 προφήτου
1219 1092 1379 1168 Δανιήλ.

604 1207 725 1274 Ὅρασις
747 1207 847 1274 πρώτη
867 1205 931 1273 περὶ
951 1207 1115 1273 Σουσάννης
1138 1237 1169 1246 -
1192 1206 1248 1260 uel.
1268 1207 1331 1261 98¹:
1352 1207 1450 1273 ὅρασις
1471 1207 1514 1272 ιγ’.
1531 1205 1595 1272 Περί
1611 1209 1654 1258 τού

580 1306 749 1372 δράκοντος.

489 1407 523 1465 8.
547 1400 796 1484 (601981107).
819 1401 979 1479 Ὀνόματα
1006 1405 1072 1466 τῶν
1095 1405 1309 1480 προφητῶν
1330 1401 1381 1464 καὶ
1401 1401 1503 1465 πόθεν
1523 1399 1596 1464 εἰσὶν
1614 1399 1654 1460 καὶ

449 1519 521 1593 πῶς
535 1515 697 1579 ἀπέθανον
711 1517 761 1579 καί
776 1519 840 1580 πού
856 1521 979 1582 κεῖνται.
995 1549 1034 1568 =
1051 1517 1142 1581 Β6α.

490 1637 525 1694 9.
549 1629 1131 1714 (Γοί.1391-117).Ἀποκάλυψιςτῶν
1149 1632 1312 1709 λειψάνων
1332 1633 1391 1694 τοῦ
1414 1631 1507 1707 ἁγίου
1529 1627 1653 1705 Στεφά-

448 1763 518 1808 νου
535 1749 593 1809 τοῡ
608 1747 885 1825 πρωτομάρτυρος
900 1747 950 1811 καὶ
964 1747 1241 1825 πρωτοδιακόνου.

611 1861 667 1915 Ιιιο.
678 1861 865 1930 Ἀποκάλυψις
877 1863 1110 1929 ἀποκαλυφθείσα
1122 1863 1270 1930 Λουκιανῷ
1283 1867 1324 1928 τῷ
1336 1861 1522 1928 πρεσβυτέρῳ
1567 1859 1619 1924 ἐνη
1637 1856 1657 1909 έ-

578 1974 640 2025 ραις
650 1958 780 2013 Ἰωάννου
794 1961 1012 2026 ἀρχιεπισκόπου
1025 1960 1234 2027 Ἱεροσολύμων,
1246 1963 1305 2024 τοῖς
1317 1961 1389 2014 κατά
1399 1961 1483 2014 πόλιν
1496 1958 1540 2012 καὶ
1555 1958 1659 2022 χώραν..

579 2057 609 2109 ἐν
620 2058 730 2124 Χριστῷ
742 2057 854 2124 χαίρειν.
865 2057 897 2111 Ὁ
909 2058 1015 2134 ἀγαθός
1028 2057 1072 2111 καί
1090 2060 1292 2125 φιλάνθρωπος
1305 2060 1375 2122 Θεὸς
1391 2059 1432 2113 ἔτι
1444 2060 1549 2125 μάλλον
1561 2058 1659 2121 ὑψῶσαι

580 2156 794 2221 βουλόμενος-
806 2157 868 2210 Des.
889 2155 1077 2224 [ἀποκάλυψις
1097 2156 1130 2224 B]
1144 2157 1203 2211 ἀλλ’
1214 2159 1311 2224 ιύσπερ
1329 2159 1400 2211 ὄντα
1418 2173 1451 2222 με
1462 2156 1621 2223 ἡγαπησατε
1630 2151 1658 2203 τό

580 2253 718 2319 ὑμέτερον
730 2254 760 2308 ἐν
771 2256 881 2321 Χριστῷ
894 2256 1001 2334 μέλος...
1014 2256 1094 2322 ἀμήν.
1740 2249 1741 2288 i

494 2357 553 2415 10.
576 2351 656 2432 (Fol.
673 2352 830 2436 141166).
846 2353 1027 2432 Ἐπάνοδος
1041 2358 1107 2419 τῶν
1121 2355 1284 2446 λειψάνων
1294 2357 1353 2419 τοῦ
1367 2354 1459 2430 ἁγίου
1474 2354 1527 2417 καὶ
1538 2351 1656 2418 ἐνδόξου

451 2466 727 2546 πρωτομάρτυρος
748 2469 946 2548 Στεφάνου
970 2469 1002 2535 ἐξ
1028 2468 1261 2549 Ἱεροσολύμων
1284 2469 1318 2534 ἐν
1340 2465 1660 2538 Κωνσταντινουπόλει

453 2580 488 2646 ἐν
501 2581 635 2664 ὑπατείᾳ
649 2582 891 2648 Κωνσταντίνου
908 2585 1076 2664 βασιλέως.
1091 2617 1132 2637 =
1147 2585 1183 2650 B.

616 2696 671 2750 Inc.
683 2696 808 2764 Ἐγένετο
829 2702 898 2764 μετὰ
917 2701 951 2753 τὸ
971 2702 1192 2767 ἀνακομισθῆναι
1204 2701 1238 2753 τὸ
1251 2700 1389 2767 λείψανον
1400 2705 1452 2756 τού
1466 2700 1549 2766 ἁγίου
1566 2695 1664 2762 Στεφά·

582 2813 634 2851 νου
647 2801 699 2850 τού
707 2799 952 2865 πρωτομάρτυρος
965 2800 994 2853 ἐν
1006 2799 1205 2866 Ἱεροσολύμοις
1218 2800 1248 2852 ἐν
1260 2805 1294 2866 τῇ
1308 2799 1373 2866 ἁγίᾳ
1385 2800 1481 2853 Σιὼν...

496 2903 552 2958 11.
577 2895 656 2977 (Fol.
671 2895 845 2980 162-166v).
859 2898 1011 2976 Πρόκλου
1031 2897 1281 2978 ἀρχιεπισκόπου
1306 2896 1665 2968 Κωνσταντινουπόλεως

376 3095 379 3100 ¹
454 3011 610 3090 ἐγκώμιον
625 3011 670 3089 εἰς
685 3013 742 3076 τὸν
757 3011 848 3090 άγιον
863 3015 1060 3093 Στέφανον
1074 3015 1132 3077 τὸν
1146 3013 1415 3092 πρωτομάρτυρα.

618 3127 701 3195 κά,
715 3127 794 3193 va,
808 3130 912 3184 ωυιτ.

498 3232 554 3290 12.
577 3226 657 3307 (Fol.
678 3227 1089 3309 186ν-117ι).Ἀμφιιοχιου
1109 3227 1288 3292 ἐπισκόπου
1311 3227 1442 3291 Ἰκονίου
1466 3227 1512 3305 είς
1532 3227 1590 3290 τὸν
1611 3223 1669 3303 βίον

454 3341 504 3406 καὶ
516 3341 561 3418 εἰς
574 3341 613 3404 τὰ
628 3343 772 3420 θαύματα
783 3345 841 3404 τοῦ
854 3342 950 3406 ὁσίου
966 3343 1089 3420 πατρὸς
1100 3343 1190 3421 ἡμῶν
1207 3343 1408 3406 Βασιλείου
1425 3339 1667 3432 ἀρχιεπισκόπου

455 3456 643 3534 Καισαρείας
659 3456 893 3534 Καππαδοκίας.
912 3489 947 3510 =
964 3456 1028 3522 134.

618 3572 684 3626 Post
694 3574 779 3627 verba
790 3593 797 3626 ε
810 3574 953 3640 αὐτόπτης
965 3573 1078 3639 ἐγένετο
1095 3577 1147 3627 τού
1158 3573 1286 3639 ἀοιδίμου
1304 3575 1412 3640 πατρὸς
1427 3575 1508 3640 ἡμῶν
1528 3569 1673 3629 Βασιλείου,

585 3676 735 3740 sequuntur
745 3672 892 3727 lemmata:
907 3673 939 3726 α’.
959 3672 1031 3739 Περί
1045 3677 1097 3728 τού
1110 3672 1223 3740 ἑβραίου
1247 3677 1299 3730 τού
1317 3674 1519 3740 θεωρήσοντας
1533 3674 1568 3727 τό
1581 3667 1676 3738 μυστή-

584 3785 647 3834 ριον
658 3772 709 3835 τῆς
722 3771 845 3835 δωρεάς.
858 3799 889 3808 -
902 3770 932 3835 β’.
947 3770 1016 3837 Περὶ
1026 3774 1077 3837 τῆς
1094 3771 1227 3835 γυναικὸς
1239 3773 1290 3836 τῆς
1302 3770 1538 3839 κρεωστουμένης
1549 3770 1587 3823 τὰ
1598 3765 1674 3833 δημό·

586 3881 640 3921 σια.
651 3896 684 3907 -
701 3868 734 3933 γ’.
744 3868 817 3935 Περὶ
827 3868 977 3924 Ἰουλιανού
989 3873 1041 3924 τού
1059 3870 1235 3936 παραβάτου.
1246 3897 1279 3908 -
1298 3868 1369 3936 Περὶ
1388 3874 1440 3923 τοί)
1458 3869 1620 3932 Οὐάλεντος
1638 3864 1676 3918 καί

584 3971 644 4019 τιίιν
656 3967 802 4032 ἀρειανῶν.
823 3997 855 4006 -
874 3967 945 4034 Περὶ
965 3972 1017 4022 τού
1038 3968 1236 4034 ἀρνησαμένου
1258 3968 1310 4021 τόν
1330 3969 1450 4034 Χριστόν
1468 3968 1634 4035 ἐγγράφως.
1649 3989 1677 4001 -

584 4064 655 4131 Περὶ
670 4064 789 4132 Ἐφραίμ
807 4071 859 4119 τού
879 4068 981 4133 Σύρου.
999 4095 1030 4104 -
1050 4066 1121 4132 Περὶ
1140 4067 1299 4131 Οὐάλεντος
1311 4070 1363 4121 τού
1385 4071 1559 4132 θεοστεγοῦς
1577 4065 1677 4129 καὶτῆς

585 4162 722 4227 ἐλεύσεως
734 4168 793 4218 τῶν
806 4166 952 4231 ἀρειανάιν.
962 4194 993 4203 -
1001 4163 1071 4231 Περὶ
1079 4168 1129 4231 τῆς
1138 4167 1271 4230 ’γυναικὸς
1280 4168 1330 4231 τῆς
1339 4167 1491 4233 γραψάσης
1501 4166 1532 4219 ἐν
1541 4171 1585 4232 τῷ
1595 4165 1677 4229 χάρτη

585 4261 635 4323 τάς
645 4260 780 4326 ἁμαρτίας
793 4262 894 4328 αὐτῆς.
905 4291 939 4300 -
948 4261 1020 4328 Περί
1031 4265 1084 4315 τού
1095 4261 1199 4329 Ἰωσὴφ
1211 4267 1264 4317 τού
1276 4261 1390 4328 ἑβραίου
1403 4263 1457 4329 την
1468 4263 1573 4330 τέχνην
1584 4263 1679 4328 ίητροί)

583 4386 615 4395 -
629 4359 691 4412 Des.
701 4359 731 4412 ἐκ
741 4363 791 4426 τῆς
804 4360 988 4426 ἐνεγκαμένης
1001 4361 1101 4415 αὐτόν·
1110 4361 1163 4428 xpri
1173 4361 1204 4414 δέ
1212 4361 1359 4427 γινώσκειν
1371 4362 1416 4415 ὅτι
1424 4361 1492 4424 τοὺς
1501 4359 1679 4426 ἐπιτυμβίους

586 4459 731 4525 ἰάμβους...
744 4459 789 4514 καί
801 4462 872 4526 μετὰ
883 4462 1022 4527 ἀκριβείας
1034 4461 1239 4527 τετονισμένοι·
1251 4463 1269 4528 ἡ
1281 4462 1383 4528 χάρις...
1395 4462 1476 4527 ἀμην.

617 4558 745 4627 Sequitur
757 4558 873 4627 epistula
890 4559 986 4613 Iuliani
999 4559 1064 4629 imp.
1079 4560 1114 4614 ad
1126 4561 1259 4615 Basilium
1276 4563 1304 4614 οῑ
1315 4559 1431 4628 epistula
1442 4559 1538 4614 Basilii
1551 4561 1588 4614 ad
1606 4557 1685 4614 Iulia·

588 4673 664 4711 num.

497 4762 553 4819 13.
577 4755 850 4839 (6016601631).
866 4757 933 4820 Τοῦ
949 4756 984 4820 ἐν
999 4755 1101 4835 ἁγίοις
1115 4757 1239 4838 πατρὸς
1259 4757 1351 4837 ἡμῶν
1373 4757 1532 4837 Εύσεβίου
1556 4756 1685 4823 ἐπισκό-
