3558 5746
314 429 569 480 ornuo'rnncnu
595 429 859 483 unrvnusrrnms
885 429 1129 484 unssrumsrs.
1189 461 1193 470 ·
1284 411 1329 482 41

570 750 700 816 connx
721 751 761 814 το
783 748 872 834 (μμ).

131 945 332 1010 Membroneus,
344 945 473 1000 loliorum
484 947 541 1011 263,
552 946 645 1010 0¹²‚4n8
659 953 684 1004 ><
699 945 802 1011 0³,334,
818 945 890 999 binis
901 946 1037 1000 columnis
1046 950 1173 1001 exaratus
1185 963 1248 1001 ann.
1261 947 1333 1009 1308,

97 1047 128 1098 ut
137 1049 214 1111 patet
222 1061 256 1099 ex
267 1046 446 1114 sequentibus
455 1046 554 1109 verbis,
563 1062 635 1114 quae
646 1046 774 1113 leguntur
785 1046 832 1099 fol.
841 1047 907 1100 265:
918 1045 1082 1114 Ἐτελειὼθη
1095 1046 1129 1101 τὸ
1141 1048 1234 1113 παρὸν
1244 1063 1331 1114 πανη-

95 1144 217 1208 γηρικὸν
228 1145 273 1197 διὰ
293 1146 384 1210 χειρὸς
395 1149 449 1199 τοῦ
466 1145 637 1212 άμαρτωλοῦ
651 1139 762 1212 ’Δανιῆλ
780 1143 825 1198 καί
843 1146 1031 1211 σκευωφὺλαξ
1049 1148 1100 1211 τὴς
1121 1144 1254 1212 μεγίστης
1267 1146 1332 1211 μείν-

96 1243 168 1308 δρας
180 1247 233 1296 τοῦ
245 1244 379 1310 Σωτῆρος
392 1243 573 1311 ἀκρωτηρίου
586 1243 739 1312 Μεσσήνης
752 1243 826 1311 μηνὴ
840 1243 1015 1311 σευτεμβρίῳ
1028 1243 1065 1308 είς
1085 1244 1117 1310 β’,
1129 1245 1220 1311 ἡμέρα
1232 1245 1332 1310 σαββά-

94 1357 150 1394 του
164 1340 226 1408 ὧρα
238 1342 263 1395 θ’
275 1342 339 1406 ἔτος
355 1344 449 1410 ,ςωτς
465 1343 608 1410 ὴνδὴκτου
627 1342 663 1407 ς’.
676 1343 806 1404 εὔχεσται
817 1342 863 1396 καὶ
883 1343 927 1410 μὴ·
937 1343 1115 1410 καταρᾰσται
1127 1343 1171 1397 ὅτι
1182 1343 1198 1396 ὁ
1210 1344 1333 1410 γράφων

97 1441 293 1508 παραγράφει.

131 1537 182 1591 Hic
191 1543 283 1593 tomus
294 1539 369 1606 prior
387 1543 427 1594 est
439 1539 586 1608 monologii
598 1557 615 1594 a
626 1533 739 1594 Deniele
757 1540 895 1595 monacho
908 1538 1062 1608 conscripti,
1074 1540 1150 1594 cuius
1163 1556 1224 1607 pars
1240 1543 1333 1608 poste-

93 1637 153 1690 rior
164 1636 260 1691 codice
271 1639 304 1692 29
316 1639 479 1694 continetur.
490 1639 573 1693 Liber
584 1641 677 1693 eutem
691 1639 766 1693 haud
779 1639 866 1692 semel
878 1637 907 1692 iu
918 1638 1042 1706 margine
1054 1638 1135 1707 typici
1147 1639 1173 1692 S.
1185 1639 1334 1693 Salvatoris
1377 1679 1381 1690 .

94 1736 167 1800 (cod.
181 1737 238 1798 115)
250 1736 401 1800 adducitur,
413 1737 453 1791 uti
465 1754 488 1791 e.
500 1754 524 1805 g.
537 1737 584 1792 iol.
597 1739 643 1791 55v
656 1756 663 1791 :
676 1737 763 1804 Ζήτει
771 1738 824 1791 τὸν
832 1737 920 1803 λόγον
930 1736 968 1801 εἰς
977 1737 1012 1790 τὸ
1022 1737 1134 1804 βηβλίον
1144 1741 1195 1790 τοῦ
1205 1738 1333 1803 ἀδελφοῦ

93 1835 214 1902 Δανιὴλ,
225 1835 310 1901 λόγος
322 1836 374 1900 κα’,
386 1841 414 1890 et
424 1836 471 1890 fol.
485 1837 544 1890 116¹
558 1837 663 1905 ιΖήτει
674 1837 726 1890 τὸν
738 1837 825 1902 λόγον
837 1835 875 1900 είς
888 1837 923 1890 τὸ
934 1841 1052 1903 πρῶτον
1064 1836 1177 1903 βηβλίον
1189 1840 1241 1888 τοῦ
1254 1836 1334 1890 ἀδελ-

95 1937 158 1999 φοῦ
170 1934 278 2001 Δανιήλ
288 1977 295 1998 ,
306 1935 367 2001 λόγ.
380 1935 413 1988 α’.

129 2031 207 2086 Folia
218 2032 292 2087 haud
308 2049 397 2101 pauca
414 2025 592 2101 palimpsesto
604 2037 676 2097 sunt,
688 2033 722 2087 de
740 2033 839 2103 quibus
859 2033 929 2087 haec
946 2033 1032 2087 hebel
1042 2032 1182 2100 Philippus
1194 2033 1334 2101 Matranga

92 2131 125 2184 in
138 2131 262 2199 catologo
275 2131 462 2200 manuscripto
476 2151 483 2186 :

131 2229 145 2256 ⁸
164 2229 199 2284 ln
216 2230 279 2283 tutti
290 2231 385 2284 educi
396 2231 574 2285 υοίυωίωηο
585 2241 616 2284 αθ
627 2237 685 2284 190
697 2235 769 2284 carle
786 2231 813 2284 lu
826 2231 870 2284 cui
877 2235 958 2296 purte
975 2231 1147 2298 palimpsesto
1164 2231 1282 2283 contione
1291 2245 1331 2283 νη

92 2329 260 2396 [rommcnto
270 2329 299 2382 di
309 2345 349 2383 νη
359 2331 550 2384 commentario
558 2330 687 2383 anonimo
697 2329 739 2382 dcl
755 2327 871 2384 Saltcrto
882 2328 1012 2383 Daoidbco
1022 2344 1072 2382 coc
1083 2331 1094 2381 i
1107 2328 1176 2381 tiroli
1186 2329 1228 2380 dci
1244 2326 1332 2383 salma·

92 2427 185 2480 scritti
195 2442 214 2480 o
225 2428 353 2482 caraltcrt
364 2428 479 2494 νηοίσίί,
497 2428 606 2482 identici
616 2443 635 2480 a
648 2427 731 2494 poelli
746 2427 817 2480 dello
828 2427 933 2494 [amosa
944 2426 1041 2480 Bibbiu
1056 2440 1135 2492 preco
1149 2424 1280 2481 Vaticano
1290 2425 1332 2478 dcl

91 2523 140 2581 17
153 2525 421 2592 scampachium
439 2527 486 2580 dol
508 2526 661 2581 Bnmobito
681 2524 760 2581 barro
779 2524 925 2582 Vercetlorw
944 2541 957 2578 e
975 2524 1022 2578 dul
1041 2523 1183 2578 Basiliam
1203 2521 1332 2591 Giusmpc

93 2622 182 2678 eona
201 2639 251 2677 coo
263 2625 274 2677 i
288 2625 337 2691 cipi
356 2624 427 2678 dello
438 2623 469 2680 S.
484 2624 512 2680 C.
531 2627 563 2679 dc
573 2624 757 2692 Propupondo
777 2623 852 2690 niue,
866 2629 891 2677 et
906 2640 925 2677 a
941 2623 1023 2690 quelli
1039 2622 1109 2676 dello
1124 2622 1219 2677 celebre
1236 2621 1331 2676 Btbbiu

90 2738 176 2789 preca
191 2722 389 2777 Alusancruu
406 2729 561 2778 οοωωυσω
578 2725 609 2778 in
626 2722 747 2789 Βατινίου,
767 2739 780 2776 e
792 2722 949 2790 pubblicum
961 2722 1008 2776 dal
1027 2719 1113 2777 Grobe
1128 2722 1159 2775 in
1172 2720 1277 2788 Ousord
1288 2721 1332 2774 nel

91 2823 188 2874 1707.
202 2819 257 2874 Dal
268 2821 313 2875 σία
328 2821 341 2873 b
352 2821 427 2874 lecito
438 2822 553 2875 dedum
566 2822 611 2876 obe
623 2821 715 2900 lc190
728 2825 801 2874 corte
812 2821 841 2873 di
852 2821 937 2886 questi
948 2821 999 2874 duc
1009 2820 1109 2886 prandi
1117 2819 1219 2872 volumi
1231 2819 1330 2884 suropo

90 2919 188 2971 scritto
198 2917 241 2972 nel
253 2918 269 2972 1
272 2917 294 2974 V
303 2919 409 2973 secoloe
424 2919 469 2972 cbc
489 2920 517 2973 lu
539 2919 675 2974 biblioteca
695 2919 889 2972 uniuersibario
911 2919 940 2971 di
952 2917 1070 2973 Moesico
1087 2917 1100 2970 b
1115 2916 1283 2983 poscedilrice
1301 2915 1331 2968 di

91 3017 268 3071 monorcritti
280 3018 465 3085 morooiplc'osc'
476 3018 505 3072 ol
517 3019 585 3085 pori
594 3017 660 3072 delle
671 3017 771 3084 prandi
782 3017 923 3083 metropoli
932 3016 994 3070 dcll’
1010 3015 1132 3082 Europa.
1152 3055 1165 3082 „

130 3109 164 3169 ln
175 3131 286 3170 summo
297 3116 428 3184 margine,
441 3133 504 3171 cnm
516 3121 582 3170 note
598 3115 652 3170 diei
663 3116 773 3179 mensis,
784 3115 897 3181 singulis
910 3114 976 3167 Vitis
988 3130 1038 3168 seu
1049 3113 1222 3168 sermonibus
1233 3127 1334 3166 nume·

87 3229 144 3269 rus
156 3213 309 3282 adscriptus
319 3220 361 3268 est
372 3235 379 3270 z
390 3216 476 3281 λόγος
488 3215 521 3279 α’,
533 3214 557 3281 β’
566 3215 625 3281 γ’...,
635 3214 681 3283 qui
692 3213 801 3268 numeri
812 3231 830 3267 a
840 3213 941 3267 nostris
950 3213 1064 3267 minime
1075 3212 1237 3280 discrepant
1331 3215 1336 3267 ἶ

130 3312 208 3367 Folia
218 3317 312 3367 antem
323 3313 405 3368 huius
418 3313 485 3368 torni
495 3313 592 3382 prioris
603 3329 748 3380 perperam
759 3313 865 3381 signata
876 3316 949 3366 sunt.
959 3311 1067 3366 Folium
1084 3311 1157 3365 enirn
1176 3311 1224 3364 159
1236 3309 1330 3364 statim

88 3411 198 3479 excipit
208 3412 265 3474 nn,
276 3413 353 3466 nullo
364 3412 435 3467 inter
445 3416 593 3481 utrumque
605 3411 756 3467 deficiente.

130 3510 190 3564 ror.
203 3509 258 3574 156,
266 3510 295 3564 in
306 3511 363 3566 imo
375 3511 506 3579 margine,
522 3511 613 3565 littere
624 3510 707 3564 rubra
718 3509 851 3577 scriptum
869 3514 913 3563 est
928 3509 1098 3576 Δεκέμβριος
1116 3507 1154 3571 εἰς
1172 3508 1222 3572 τὰς
1234 3507 1269 3560 ια’
1277 3509 1330 3560 τοῦ

88 3607 184 3678 ὁσίου
195 3608 290 3663 Λουκᾶ
301 3588 354 3663 τοῦ
365 3611 521 3674 Σουλοίνου,
541 3610 617 3676 Ζὴτει
632 3609 684 3662 τὸν
696 3609 783 3673 λόγον
794 3607 833 3672 εἰς
850 3609 885 3662 τὸ
897 3608 978 3672 τέλος
990 3611 1043 3661 τοῦ
1056 3605 1192 3672 δευτέρου
1206 3603 1328 3671 βηβλίου,

86 3707 189 3773 λόγον
198 3707 238 3762 με’
247 3750 253 3763 .

141 3912 178 3968 1.
201 3904 281 3987 (Fol.
308 3905 399 3989 1-5v).
422 3905 613 3984 Προκοπίου
639 3905 889 3986 χαρτοφύλακος
913 3908 971 3983 τῆς
996 3903 1135 3984 μεγάλης
1160 3903 1330 3981 ἐκκλησίας

85 4019 203 4096 λόγος
217 4019 261 4097 είς
276 4020 334 4097 τὴν
348 4019 449 4100 ἀρχὴν
463 4025 521 4098 τῆς
536 4021 686 4086 ίνδίκτου.
1200 4018 1289 4100 Sept.
1303 4019 1330 4084 1.

266 4135 321 4189 lnc.
329 4134 490 4202 Ἐγκαινίων
502 4137 662 4204 πανήγυριν
674 4138 788 4205 ίίγωμεν
799 4135 845 4191 καί
856 4135 1005 4202 ἐγκαινίων
1017 4136 1058 4190 ὼν
1070 4135 1087 4189 ὁ
1099 4135 1217 4202 μέγεθος
1228 4134 1332 4201 ὑπερεί·

235 4250 342 4302 πειρον.

134 4341 176 4400 2.
202 4331 389 4416 (roto-m).
405 4334 480 4412 Βίος
494 4335 544 4398 καὶ
558 4325 699 4399 πολιτεία
721 4337 780 4399 τοῦ
803 4335 898 4399 ὁσίου
920 4334 1044 4413 πατρὸς
1064 4333 1156 4412 ἡμῶν
1178 4334 1332 4410 Συμεὼν

85 4452 158 4516 τοῦ
179 4450 376 4513 στυλίτου.
796 4429 798 4433 ’
1198 4447 1288 4528 Sept.
1304 4447 1332 4512 1.

267 4564 432 4632 Principium
443 4565 496 4633 legi
504 4564 607 4636 nequit.
615 4593 649 4604 -
659 4565 721 4621 Des.
730 4564 776 4620 καί
788 4566 921 4632 ὀφέλειαν
936 4565 965 4622 ἐξ
976 4565 1063 4631 αὐτῆς
1076 4563 1272 4630 καρπούμενος
1289 4563 1333 4616 ὅτι

234 4664 333 4730 μισθὸς
344 4664 432 4717 αὐτοῦ
444 4665 476 4718 ἐν
488 4665 603 4732 οὐρανῷ
616 4663 704 4718 ἐστιν·
717 4663 763 4718 καί
772 4664 933 4732 μακάριοςὸ
946 4663 1049 4720 κτίζων
1058 4660 1135 4716 οἷκον
1148 4661 1229 4728 ἅγιον
1238 4661 1332 4728 ἐκκλη-

236 4761 298 4827 σίας
310 4761 347 4828 είς
360 4763 451 4830 ὄνομα
463 4763 577 4817 αὐτοῦ...
587 4762 668 4831 ἀμήν.
