3558 5746
348 531 604 584 οωιιοτιωσιιυ
630 531 894 586 οωνιικειτιτιε
919 532 1160 587 κυεειυυυοιε.
1320 512 1371 586 65
1435 593 1442 605 ‚

298 721 354 775 Ino.
366 720 615 788 Ὑποστρέφοντος
637 723 689 775 τοῦ
709 723 914 788 Διοκλητιανοΰ
934 722 1115 789 προσηνέχθη
1135 723 1213 790 αὐτῷ
1227 723 1370 790 Θεοδότη,

266 821 338 895 γυνή
351 835 393 884 τις
404 825 447 888 τῷ
458 820 533 887 γένει
544 821 647 887 Βιθυνή
660 849 691 858 -
708 821 770 874 Des.
783 821 828 875 διό
839 823 890 887 τῆς
900 819 1091 885 Ἀπολλωνίας
1100 821 1131 876 ἐν
1142 827 1177 888 τῇ
1192 837 1370 877 κατασκευα-

269 921 369 988 σθεῖσᾳ
381 919 448 986 παρ’
460 921 547 986 αὐτῆς
560 920 692 988 ἐκκλησίᾳ
703 925 737 986 τῇ
746 920 803 987 πρδ
816 920 887 973 ἑπτὰ
898 920 982 973 είδων
995 921 1213 987 σεπτεμβρίων...
1222 922 1303 988 ἁμήν.

177 1024 211 1083 9.
235 1016 314 1099 (Fol.
349 1017 509 1100 104-126).
545 1018 732 1096 Μαρτύριον
767 1023 825 1096 τῆς
859 1018 952 1096 ἁγίας
988 1020 1273 1098 μεγαλομὰρτυρος
1308 1024 1368 1084 τοῦ

141 1133 276 1210 Χριστοῦ
291 1133 465 1211 Ἀγὰθης.
480 1163 521 1185 =
535 1133 571 1198 B.

180 1256 239 1313 10.
262 1247 343 1328 (Fol.
368 1248 541 1331 memo).
567 1231 754 1327 Μαρτύριον
780 1253 837 1327 τῆς
863 1249 955 1327 ἁγίας
979 1248 1141 1327 Λουκίας
1169 1254 1227 1328 τῆς
1251 1252 1368 1330 παρθὲ·
1486 1305 1494 1321 .

140 1382 207 1427 νου.
221 1393 262 1415 =
277 1363 313 1427 B.
716 1423 719 1430 .

180 1487 235 1541 11.
260 1478 340 1560 (Ful.
365 1477 554 1576 131v7148v).
576 1479 761 1556 Μορτιίριον
788 1483 853 1542 τῶν
875 1479 975 1557 ἁγίων
996 1479 1192 1544 ἀποστόλων
1216 1444 1366 1560 Πέτρου

141 1595 188 1657 καὶ
201 1593 367 1658 Παύλου.
383 1593 501 1659 ==B1.

454 1863 458 1872 .
563 1806 943 1890 mmmmm

169 1971 368 2035 Membraneuu
380 1971 507 2026 foliorum
519 1973 576 2036 307,
596 1973 673 2036 0¹¹¹,25
687 1980 712 2030 ><
726 1973 827 2036 ouum,
839 1971 910 2027 binis
927 1971 1062 2026 columnis
1074 1989 1097 2025 a.
1110 1973 1175 2027 1105
1191 1955 1326 2038 exemtus,
1337 1977 1369 2028 ut

136 2071 218 2124 docet
227 2070 365 2138 scriptoris
376 2075 442 2124 nota
453 2071 488 2124 ed
500 2072 605 2126 calcem
616 2071 677 2125 libri
690 2091 696 2124 :
709 2071 874 2137 Ἐτελειόιθη
886 2073 904 2138 ἡ
916 2071 1050 2137 πανίερος
1061 2071 1107 2125 καί
1123 2071 1200 2137 τιμία
1212 2072 1303 2138 βίβλος
1315 2077 1368 2126 τοῦ

136 2167 217 2224 δσίου
229 2170 337 2232 πατρὸς
350 2170 431 2236 ἡμῶν
443 2170 597 2236 Θεοδώρου
610 2175 671 2225 τῶν
683 2169 828 2224 Στουδίων
841 2171 871 2224 ἐν
880 2175 922 2238 τῷ
938 2171 1033 2236 ,ςχιγ’,
1051 2170 1089 2235 είς
1112 2172 1196 2226 δόξαν
1208 2175 1258 2240 τῆς
1278 2185 1369 2237 προσ-

136 2270 260 2333 κυνητῆς
272 2266 318 2321 καὶ
329 2269 489 2334 ἀδιαιρέτου
503 2268 583 2333 ἁγίας
596 2267 642 2321 καί
652 2269 838 2335 πονυμνήτου
854 2269 988 2335 Τριόδος,
1000 2269 1129 2335 Πατρός,
1139 2268 1216 2323 Ὑιοῡ
1227 2268 1273 2322 καί
1285 2269 1366 2335 ἁγίου

136 2365 303 2430 Πνείιματος
315 2364 353 2429 είς
366 2366 470 2430 αίῶνας
483 2365 603 2431 αἰώνων,
614 2365 695 2432 ἁμήν.

170 2462 297 2516 Codicem
318 2464 504 2560 complentOS.
523 2463 663 2518 Theodori
679 2463 800 2518 Studitue
820 2479 911 2531 opera,
928 2478 992 2517 cum
1009 2463 1185 2531 sequentihus
1204 2464 1239 2518 de
1255 2465 1368 2518 auctore

135 2562 327 2617 documentis:

183 2717 216 2772 1.
239 2709 320 2791 (Fol.
344 2709 521 2792 cmv-297).
549 2708 627 2787 Τοῖς
655 2708 707 2771 διὰ
736 2709 852 2786 Κύριον
877 2709 1102 2788 δεδιωγμένοις
1131 2710 1182 2772 καὶ
1203 2683 1366 2789 πανταχοῦ

136 2825 384 2901 διεσπαρμένοις
397 2826 623 2912 πνευματικοῖς
637 2823 792 2902 ἀδελφοῖς
806 2824 857 2887 καὶ
871 2823 1031 2902 πατράσιν
1049 2824 1248 2903 Ναυκράτιος
1269 2823 1368 2902 ἁμαρ·

134 2939 243 3017 τωλὸς
258 2940 409 3018 μοναχός.
424 2969 465 2992 =
478 2938 542 3004 133.

300 3055 427 3123 Sequitur
439 3054 618 3122 Ναυκρατίου
630 3056 811 3119 Στιχελεγεῑα.

180 3160 214 3218 2.
238 3152 318 3235 (Fol.
342 3153 534 3236 teu-utu).
559 3151 758 3232 Ἐπίγραμμα
783 3153 828 3231 εἰς
856 3153 913 3219 τὸν
938 3151 1033 3217 ὅσιον
1060 3150 1183 3231 πατέρα
1203 3153 1295 3232 ἡμῶν
1317 3153 1369 3216 καὶ

138 3269 344 3347 ὁμολογητήν
359 3268 565 3348 Θεόδωρον
579 3267 762 3348 ἡγούμενον
775 3272 842 3334 τῶν
857 3269 1027 3340 Σπουδίου.
1038 3301 1078 3320 =
1093 3267 1157 3333 135.

603 3564 903 3648 mfflmw.

171 3729 368 3791 Membraneus,
381 3727 509 3783 sotiorum
524 3729 579 3791 182,
596 3728 674 3791 0³27
690 3736 715 3786 ><
731 3727 832 3793 octob,
854 3728 925 3782 binis
937 3729 1073 3783 columnis
1090 3743 1161 3782 saec.
1172 3727 1222 3782 XII
1242 3731 1369 3784 exaratus

135 3828 243 3884 duabus
254 3827 382 3882 manibus
394 3827 450 3890 (fol.
463 3827 542 3880 1-110
552 3830 579 3880 et
591 3827 719 3890 111-182).

171 3928 323 3982 Praeterea
334 3942 405 3994 quae
417 3941 619 3988 enumeramus,
628 3926 750 3979 continet
758 3926 844 3979 codex
857 3925 912 3989 (fot.
928 3927 1054 3990 'tut-110¹)
1063 3941 1206 3980 sermones
1218 3925 1264 3978 SS.
1274 3925 1368 3980 Basilii

134 4030 164 4079 et
175 4024 372 4094 chrysostomi,
384 4028 412 4078 et
423 4024 560 4080 Anasusii
572 4024 699 4078 Sinuitae.

183 4183 215 4237 1.
237 4171 318 4254 (Fol.
335 4172 446 4256 1-53v).
461 4171 613 4237 Λεοντίου
629 4172 852 4251 πρεσβυτέρου
869 4173 1012 4251 μοναχοῦ
1031 4170 1082 4234 καὶ
1103 4170 1285 4250 ἡγουμένου
1308 4174 1366 4248 τῆς

137 4293 239 4367 μονῆς
251 4289 310 4351 τοῦ
326 4288 420 4364 ἁγίου
435 4287 525 4365 Σάβα
538 4291 596 4365 τῆς
611 4286 777 4365 Ῥωμαίων
792 4287 918 4363 πόλεως
934 4287 1081 4365 διήγησις
1096 4287 1141 4364 είς
1155 4286 1212 4349 τὸν
1231 4285 1300 4364 βίον
1315 4284 1367 4348 καὶ

133 4402 176 4466 τὰ
195 4402 341 4481 θαύματα
362 4404 420 4466 τοῦ
444 4401 540 4465 ὁσίου
563 4401 614 4464 καὶ
634 4401 789 4478 μακαρίου
812 4400 935 4478 πατρὸς
957 4400 1047 4478 ἡμῶν
1069 4398 1275 4478 Γρηγορίου
1302 4399 1361 4461 τοῦ

136 4515 315 4580 ἐπισκόπου
330 4515 507 4593 γενομένου
523 4519 580 4593 τῆς
595 4512 850 4591 Ἀκραγαντίνων
865 4513 1033 4590 ἐκκλησίας
1052 4511 1123 4590 ἦτοι
1144 4514 1201 4589 τῆς
1224 4513 1364 4574 Σικελῶν

139 4627 301 4708 ἐπαρχίας.
316 4627 433 4692 =B1.

180 4750 214 4811 2.
237 4743 319 4827 (Fol.
346 4743 496 4827 53v-7uv).
525 4743 599 4821 Βίας
628 4742 678 4806 καί
713 4741 853 4805 πολιτεία
888 4743 947 4806 τοῦ
984 4740 1080 4805 ὁσίου
1116 4739 1240 4819 πατρὸς
1275 4742 1368 4818 ἡμῶν

138 4858 372 4939 Σιλβέστρου
389 4859 568 4923 ἐπισκόπου
583 4858 723 4936 Ῥώμης.

267 4992 341 5030 ωλι..
358 4991 440 5038 eom..
455 4992 480 5029 τ.
497 4991 572 5028 xxm.
1220 4973 1237 5026 ὃ
