3558 5746
333 425 589 494 ΒΙΒΒΙΟΤΗΕΟΧΕ
615 440 878 492 UNIVERSITATIS
904 440 1147 495 MESSANENSIS.
1304 423 1355 496 45

330 630 385 684 Ιυο.
402 630 536 695 Σκῆπτρα
548 628 727 691 ὁιίβῦνοντος
740 628 769 681 ἐν
780 627 872 698 Ῥώμη
880 631 967 683 πόλοι
1049 641 1052 648 ·

402 727 619 781 Χωνσταντίνου
631 727 753 791 ἄνακτος
765 729 988 793 εὐσεβεστάτου·

332 827 392 880 Des.
405 827 483 890 ὅπως
493 840 525 879 σε
536 826 700 891 δοξάσωμεν
712 811 751 889 είς
759 825 910 890 πλείστους
919 828 1040 893 χρόνους

401 925 454 978 σῦν
461 923 547 991 πατρί
558 924 603 978 καί
615 925 750 990 πνεύματι
760 929 802 992 τῷ
814 926 997 993 παναγόθψ...
1007 926 1090 991 ἀμήν.

163 1030 223 1090 27.
246 1022 533 1106 (Fol.153v-156v).
548 1023 614 1086 Τοῦ
630 1023 665 1087 ἐν
680 1023 784 1100 ἁγίοις
795 1025 917 1101 πατρὸς
929 1025 1020 1103 ἡμῶν
1030 1025 1158 1103 Πέτρου
1174 1025 1353 1091 ἐπισκόπου
1401 1103 1405 1110 .

124 1139 253 1218 Ἀργῶν
268 1138 367 1216 λόγος
383 1137 428 1215 είς
442 1139 500 1215 τὴν
515 1139 676 1217 σύλληψιν
693 1143 751 1218 τῆς
765 1139 998 1217 ἁγίαςἈννης
1013 1139 1092 1204 ὁταν
1106 1142 1284 1220 συνέλαβεν
1297 1145 1355 1220 τὴν

126 1255 220 1328 ἁγίαν
235 1254 407 1318 θεοτόκον.
423 1252 540 1317 τ-Ββ.
750 1333 753 1342 ι
1234 1257 1354 1323 Βεαῦ.
1444 1340 1447 1344 ¹

163 1375 225 1434 28.
248 1369 329 1452 (Fol.
347 1369 535 1452 156v-200v).
550 1368 699 1433 Ἰωάννου
714 1372 773 1433 τοῦ
789 1356 924 1435 Τῑὲτζου
941 1371 1112 1450 ὑπόμνημα
1127 1371 1171 1450 εἰς
1193 1373 1251 1450 τὴν
1273 1393 1353 1452 παρ-

121 1486 220 1548 θένον
248 1484 393 1563 μαρτύρα
421 1487 479 1547 τοῦ
504 1483 644 1562 Χριστοῦ
679 1483 843 1548 Λουκίαν
879 1489 937 1562 τῆς
965 1487 1181 1566 Συρακούσης
1209 1488 1351 1567 πόλεως.

1210 1601 1287 1668 Dec.
1304 1604 1352 1668 13.

293 1705 450 1761 Ιιιο.”Αλλαι
459 1707 509 1772 μὲν
526 1707 605 1760 ἄλλοι
616 1707 710 1770 πόλεις
722 1707 912 1772 ἀμβρῦνονται
928 1709 1078 1774 θάλασσαι,
1089 1713 1125 1776 νῆ
1137 1710 1182 1763 καί
1192 1712 1303 1778 ἤπειροι
1315 1711 1355 1776 οίς

256 1803 359 1870 ἑκάστη
381 1803 505 1870 φυσικόν
525 1819 552 1856 τι
573 1803 681 1869 μαλφὲς
701 1831 732 1840 -
753 1803 814 1855 Des.
835 1801 881 1855 καί
903 1805 1054 1870 ὴγεμὸνεσι
1075 1806 1189 1859 πόλεων
1210 1807 1256 1860 καί
1275 1810 1354 1872 λαοῖς

254 1906 379 1968 σνμπὰσι
391 1901 435 1955 καί
447 1901 615 1968 ἡμετέρησιν
627 1902 734 1965 ἀοιδαῖς
744 1901 865 1967 ὕμνοις...
878 1902 960 1968 ἁμήν.

165 1987 625 2083 29.(F01.200v-205)‚'100
656 2000 690 2064 ἐν
719 2000 820 2077 ἁγίοις
848 2002 972 2078 πατρὸς
995 2002 1086 2080 ἡμῶν
1113 2001 1264 2067 Ἰωάννου
1294 2006 1353 2067 τοῦ

122 2117 346 2196 Δαμασκηνοῦ
362 2117 460 2191 λόγος
472 2115 517 2193 εἰς
532 2117 590 2193 τήν
603 2115 756 2192 γέννησιν
770 2117 829 2178 τοῦ
847 2117 959 2193 κυρίου
975 2116 1067 2194 ἡμῶν
1081 2116 1189 2194 Ἰησοῦ
1204 2118 1355 2196 Χριστοῦ.

1214 2234 1290 2299 Dec.
1305 2235 1355 2299 βό.

290 2313 345 2366 Ine.
355 2311 480 2366 Ὁπόταν
489 2313 523 2365 τὸ
535 2312 585 2379 ἔαρ
598 2312 707 2366 ἐπέλθει
717 2313 753 2365 τὰ
764 2317 824 2366 τῶν
836 2314 978 2378 σωμάτων
991 2317 1138 2375 στοιχεῖα...

174 2419 232 2477 30.
254 2410 334 2494 (Fol.
348 2411 524 2493 20520921).
538 2411 604 2474 Τοῦ
621 2410 655 2474 ἐν
670 2409 772 2488 ἁγίοις
786 2412 909 2488 πατρὸς
924 2413 1015 2490 ἡμῶν
1038 2413 1216 2490 Γρηγορίου
1228 2413 1357 2478 ἐπισκό-

123 2523 196 2591 ’που
212 2526 324 2604 Νύσης
339 2526 496 2604 ἐγκώμιον
511 2525 556 2603 είς
570 2525 627 2590 τὸν
642 2525 734 2601 ἁγίον
755 2526 1015 2604 πρωτομὰρτυρα
1035 2528 1085 2589 καί
1098 2529 1356 2605 προτοὸιὰκονον

128 2644 336 2720 Στέφανον.
1215 2644 1356 2714 Βεσβί.

288 2745 590 2814 περικτίται-αι.

158 2849 229 2909 ’31.
253 2844 333 2925 (Fol.
344 2845 535 2928 209v-212v).
549 2844 615 2909 Τοῦ
632 2844 666 2909 ἐν
682 2844 784 2923 ἁγίοις
799 2846 923 2923 πατρὸς
937 2846 1029 2926 ἡμῶν
1041 2847 1182 2926 Ἐφραίμ
1196 2847 1356 2926 ἐγκώμιον

122 2959 170 3037 εἰς
201 2960 258 3025 τὸν
285 2959 377 3036 ἁγιον
400 2960 599 3024 Βασίλειον
620 2960 798 3024 ἐπίσκοπον
831 2960 1019 3039 Καισαρείας
1048 2962 1286 3039 Καππαδοκίας.
1315 2994 1356 3016 =

122 3074 189 3139 133.
411 3059 430 3141 J
1245 3078 1313 3144 lan.
1328 3079 1355 3142 1.

168 3196 227 3255 32.
252 3189 331 3272 (Fol.
358 3190 535 3266 212v-215).
560 3190 626 3254 Τοῦ
656 3190 691 3255 ἑν
716 3191 819 3268 ἁγίοις
846 3191 970 3269 πατρὸς
994 3192 1086 3270 ἡμῶν
1115 3191 1266 3257 Ἰωάννου
1296 3197 1355 3258 τοῦ

122 3303 363 3383 Χρυσοστόμου
378 3305 478 3382 λόγος
493 3304 538 3381 εἰς
552 3305 591 3367 τὰ
605 3303 678 3382 ἁγια
690 3305 865 3384 θεοφὰνια.
1243 3309 1310 3374 lan.
1325 3309 1355 3373 6.

290 3412 417 3473 Smuus,
426 3411 455 3468 S.
467 3411 578 3465 Ιοαιιιιίο
590 3411 769 3479 chrysostomi
780 3413 914 3480 υρρ.,ἸίΠ,
927 3415 983 3468 657.

168 3517 229 3575 33.
252 3509 331 3592 (Fol.
347 3510 507 3593 215-220).
523 3510 597 3588 Βίος
612 3514 671 3574 τοῦ
694 3511 790 3575 ὁσίου
812 3509 936 3590 πατρὸς
959 3513 1049 3591 ἡμῶν
1072 3513 1270 3592 Μακαρίου
1296 3519 1354 3578 τοῦ

125 3623 296 3705 Ῥωμαίου.
311 3657 350 3676 =
366 3626 401 3690 B.
1222 3626 1289 3691 Ian.
1307 3627 1355 3692 19.

288 3733 350 3786 Des.
360 3732 552 3798 ἐξαγγέλωμεν
564 3736 616 3785 τοῦ
628 3731 789 3798 ἡγουμένου
801 3732 882 3798 ἡμῶν
894 3733 940 3787 καί
950 3733 1030 3787 ὁσίου
1042 3732 1199 3788 Ἀσκλιπίου
1212 3734 1266 3801 τὴν
1277 3738 1355 3789 πολι-

255 3830 332 3885 τείαν
348 3835 400 3884 τοῦ
419 3829 499 3884 ὁσίου
520 3829 566 3884 καί
586 3831 709 3896 μεγοίλου
730 3831 873 3899 Μόκαρως
894 3831 940 3885 καί
956 3831 993 3895 είς
1010 3833 1104 3886 πάντα
1124 3833 1161 3885 τὰ
1178 3833 1354 3900 μοναστήρια
1451 3825 1456 3835 ’

256 3930 380 3996 πατέρας
392 3929 437 3983 καί
449 3930 592 3996 ἀδελφούς
604 3930 709 3996 ἡμῶν...
720 3930 802 3996 ἀμήν.

165 4036 225 4092 34.
249 4026 329 4108 (Fol.
363 4027 540 4109 ῦβῦ-ῦββί).
575 4026 761 4106 Μαρτύριον
797 4032 854 4105 τῆς
890 4027 981 4105 ἁγίας
1018 4027 1259 4107 ὁσιομόρτυρος
1293 4031 1352 4092 τοῦ

123 4144 267 4223 Χριστοῦ
284 4143 516 4219 θεοὸούλης.
696 4199 699 4208 .
1225 4144 1354 4209 Ian.30.

295 4249 349 4303 Ine.
362 4247 405 4302 'Ev
417 4248 536 4316 ὑπατείᾳ
551 4249 756 4315 Διοκλητιανοῦ
769 4252 911 4315 σεβαστοῦ
929 4249 962 4302 τὸ
976 4251 1112 4316 δεύτερον
1123 4250 1169 4304 καί
1181 4252 1354 4317 Μαξιμιανοῦ

257 4351 397 4413 σεβαστοῦ
409 4349 443 4401 τὸ
452 4352 578 4414 πρῶτον,
587 4348 811 4414 ἡγεμονεύοντος
823 4347 967 4412 Πελαγίου
976 4351 1027 4414 τῆς
1045 4347 1239 4415 Ἀναβαρζέων
1251 4366 1355 4416 μητρο·

175 4512 180 4520 ι
254 4447 408 4510 πόλεως-
426 4447 488 4500 Des.
501 4445 547 4499 καί
556 4447 648 4508 ούτως
661 4446 868 4512 ἐτελειώθησαν
879 4448 982 4510 παντες
995 4447 1029 4500 τό
1048 4450 1177 4514 βραβεῖον
1188 4451 1239 4514 τῆς
1252 4449 1354 4515 ὁμολο·

255 4545 318 4612 γίας
330 4545 544 4612 ἀπειληφότες...
558 4544 639 4611 ἀμήν.

162 4650 226 4709 35.
250 4642 329 4726 (Fol.
341 4642 681 4726 βῦβί-ββί).”Αθλησις
696 4641 865 4734 τοῦὸιγίου
882 4642 1118 4722 ἱερομὰρτυρος
1138 4646 1198 4707 τοῦ
1215 4643 1357 4723 Χριστοῦ

116 4758 413 4838 Χαραλάμπους.
428 4788 469 4842 -,-
483 4757 566 4845 βὸίί.
1167 4757 1246 4825 Feb.
1262 4761 1359 4830 1<0>
