3558 5746
420 419 469 491 46
545 439 747 501 οιτηιοουε
773 435 924 492 comeum
949 438 1311 493 HAGIOGRAPHICORUM
1337 437 1550 492 οιιιταοκυα

462 636 522 695 36.
545 627 821 713 (F01.227-'232v).
849 628 922 706 Βίος
952 627 1015 691 σὺν
1044 627 1190 710 ἐγκωμίῳ
1215 631 1273 705 τῆς
1298 627 1390 706 ἁγίας
1410 627 1469 691 ’καὶ
1493 628 1649 707 μακαρίας

422 746 625 823 θεοδώρας
639 749 696 822 τῆς
713 744 890 824 βασιλίδος.
906 775 945 795 =
962 742 1025 806 Bl.
1417 825 1422 835 ι
1508 743 1585 809 Feb.
1599 744 1649 809 11.

462 868 521 926 37.
544 859 814 942 (F01.232v-235).
839 859 912 936 Βίος
933 856 984 920 καὶ
1005 856 1147 920 πολιτεία
1168 857 1227 920 τοῦ
1251 855 1284 920 ἐν
1303 855 1405 934 ἁγίοις
1419 857 1544 935 πατρὸς
1558 858 1649 936 ἡμῶν

420 976 593 1052 Λέωντος
608 975 786 1040 ἐπισκόπου
803 973 960 1051 Κατάνης.
1508 971 1585 1036 Feb.
1598 971 1649 1036 20.

583 1082 639 1136 Inc.
649 1081 718 1136 Ἀλλ’
732 1081 756 1134 ώ
771 1081 905 1147 πατέρων
923 1081 1021 1147 ἄριστε
1033 1077 1079 1132 καί
1092 1077 1148 1132 θείε
1160 1077 1275 1145 ἱεράρχα
1291 1081 1341 1145 τῆς
1360 1077 1509 1132 Χατανέων
1527 1080 1648 1145 φωστὴρ

549 1183 599 1247 τής
619 1179 792 1243 Σικελίας-
813 1179 874 1233 Des.
894 1179 965 1232 ἀλλὰ
983 1178 1064 1231 δίδου
1083 1178 1233 1243 μετάνοιαν
1252 1182 1287 1242 τή
1308 1183 1425 1243 ταπεινή
1443 1182 1519 1244 ψυχή
1537 1193 1590 1242 μου
1608 1177 1649 1240 ώς

549 1280 689 1346 Μανασσῇ
703 1277 798 1344 καὶτῷ
811 1281 927 1344 ληστή...
940 1276 1024 1342 ἀμήν.
1085 1286 1088 1291 ·

458 1385 518 1444 38.
541 1377 624 1459 (ύόλ.
649 1376 827 1459 ῦ35-ῦ3ώ).
848 1375 1068 1453 Ἀποκάλυψις
1092 1379 1150 1454 τῆς
1175 1373 1276 1453 τιμίας
1301 1376 1444 1454 κεφαλῆς
1468 1377 1528 1439 τοῦ
1555 1375 1648 1450 άγίου

416 1494 591 1572 προφήτου
620 1492 812 1570 προδρόμου
839 1491 889 1554 καὶ
919 1493 1095 1569 βαπτιστοῦ
1124 1488 1301 1554 Ἰωάννου
1331 1487 1366 1554 ἐν
1390 1494 1436 1571 τῷ
1462 1489 1542 1572 άγίῳ
1559 1498 1648 1568 ’στιγ-

417 1610 507 1692 λαίιμ.
519 1639 558 1660 --·
573 1608 635 1672 Β3.
1504 1604 1579 1670 Feb.
1594 1605 1646 1670 ῦὸ.

458 1729 521 1787 39.
545 1723 625 1808 (Fol.
654 1721 830 1805 236v-239).
867 1721 1054 1799 Μαρτύριον
1088 1723 1146 1797 τῆς
1183 1718 1275 1797 ἁγίας
1310 1719 1551 1797 ὁσιομάρτυρος
1585 1723 1645 1783 τοῦ

416 1838 556 1917 Χριστοῦ
572 1837 759 1915 Εύδοκίας
772 1841 830 1914 τῆς
846 1836 910 1899 ἀπὸ
926 1837 1141 1914 Σαμαρειτῶν.
1511 1835 1604 1899 Mart.
1618 1835 1648 1900 1.

580 1946 635 1999 Ine.
646 1945 740 1998 Ἠνίκα
751 1949 811 1997 τών
831 1944 984 2010 ἐλληνικών
1002 1946 1110 1995 θυσιῶν
1128 1942 1303 2005 ἀδικώτατος
1318 1941 1405 2008 νόμος
1424 1943 1589 2009 κατεκράτει
1600 1941 1649 1994 καί

547 2043 647 2098 πολλοὶ
664 2049 723 2097 τών
740 2043 793 2108 τὴν
812 2041 974 2120 θεοσεβείαν
992 2013 1159 2095 ἀσκούντων
1174 2067 1207 2080 -
1224 2040 1286 2094 Dee.
1299 2041 1430 2094 ἐκέλευσε
1446 2041 1500 2104 τήν
1518 2041 1657 2107 κεφαλὴν.

548 2143 621 2210 ξίφει
641 2144 838 2208 ἀποτμηθῆναι
858 2139 904 2194 καί
919 2126 1013 2203 οῠτίυς
1024 2140 1173 2206 ἐτελειώθη
1193 2139 1210 2204 ἡ
1228 2139 1370 2208 μαρτυρία
1390 2140 1503 2205 αὐτῆς...
1521 2140 1602 2206 ἀμήν.
1614 2170 1650 2178 -

548 2242 629 2306 (ΧιΒ,
642 2257 680 2294 cc.
692 2255 808 2294 κατ-ενι.
998 2295 1000 2304 ,

412 2355 415 2364 ·
455 2348 518 2404 40.
542 2340 623 2421 (Fol.
638 2323 814 2422 239-242v).
830 2336 1016 2416 Μαρτύριον
1030 2340 1096 2400 τών
1111 2335 1212 2412 ἁγίων
1227 2335 1400 2415 μαρτύρων
1416 2336 1649 2415 Εὐτροπίου,

416 2456 621 2521 Κλεονίκου
639 2457 688 2518 καὶ
704 2453 952 2517 Βασιλίσκου.
1507 2452 1601 2518 Mart.
1615 2453 1649 2518 3.

564 2561 567 2568 '
579 2563 634 2616 Ine.
646 2563 726 2616 Μετὰ
738 2563 772 2614 τό
781 2563 850 2627 ὺπέρ
862 2561 984 2626 Χριστοῦ
1001 2560 1035 2612 τὸ
1047 2562 1098 2626 τῆς
1111 2557 1265 2625 μαρτυρίας
1278 2560 1503 2630 στάδιονκαλῶς
1515 2561 1650 2614 διανύσαι

546 2663 598 2715 τὸν
610 2662 691 2725 όγιον
704 2661 834 2727 μάρτυρα
847 2659 1010 2724 Θεόδωρον,
1028 2657 1101 2726 ἀργή
1114 2658 1220 2725 μεγάλη
1232 2686 1266 2696 -
1277 2658 1338 2710 Des.
1350 2631 1396 2712 καί
1413 2658 1543 2723 θαύματα
1554 2675 1648 2712 ποτα·

547 2765 608 2826 μών
621 2759 735 2812 ἀννάων
747 2758 902 2824 μιμούμενα
910 2757 1061 2824 ῥεύματα...
1072 2757 1153 2823 ἀμήν.

455 2867 515 2946 41.
539 2857 619 2940 (Fol.
634 2857 824 2940 fflv-ffiv).
848 2856 922 2933 Βίος
944 2856 993 2918 καὶ
1015 2855 1156 2918 πολιτεία
1178 2855 1228 2918 καί
1250 2856 1358 2934 μερική
1385 2856 1557 2934 θαυμάτων
1580 2858 1650 2934 διή-

414 2991 510 3052 γησις
524 2977 583 3038 τοῦ
600 2974 697 3037 ὁσίου
713 2972 836 3050 πατρὸς
858 2971 950 3048 ἡμῶν
972 2970 1102 3048 Γερασί
1109 2990 1179 3049 μου
1202 2973 1262 3033 τοῦ
1278 2969 1422 3048 ἀσκητοῦ
1442 2973 1649 3050 συγγραφεὶς
1718 2985 1721 2998 ·

415 3090 479 3153 ὑπὸ
495 3093 553 3154 τοῦ
569 3092 712 3168 μοναχοῦ
729 3089 841 3166 Κοσμά
855 3087 1011 3165 ῥήτορος.
1042 3091 1045 3100 ’
1504 3087 1599 3150 Mart.
1614 3087 1648 3154 4.

579 3196 635 3250 Ine.
656 3194 785 3256 Πολλοὺς
807 3195 857 3257 μέν
873 3198 933 3245 τών
951 3192 1145 3245 Χαππαδοκιύν
1160 3191 1254 3257 φύλον
1274 3190 1475 3255 ἀνεταίνοντας
1493 3187 1650 3258 χαριέντως

548 3294 645 3360 ἐκφύει
657 3293 702 3346 καλ
722 3293 818 3357 ὥσπερ
831 3290 886 3344 ἀπό
899 3305 974 3352 τινος
987 3291 1079 3354 πηγῆς
1091 3315 1122 3329 -
1135 3289 1197 3343 Des.
1208 3288 1365 3343 ἐπιτόξαντι
1379 3291 1478 3342 δοῦναι
1489 3291 1587 3355 γραφή
1610 3290 1650 3341 τὰ

549 3393 620 3445 κατά
641 3392 673 3444 σέ
692 3389 806 3458 δοίησεν
826 3390 916 3456 ἡμέρα
934 3386 1162 3451 ἀπολυτρώσεως
1178 3385 1245 3441 ίλέω
1262 3385 1309 3440 καὶ
1325 3389 1472 3452 προσινή...
1484 3386 1565 3452 ἀμήν.

457 3498 520 3556 42.
544 3489 624 3572 (Fol.
638 3489 828 3571 &bv-2500.
842 3487 938 3551 Νιλοῡ
951 3487 1101 3570 ταπεινοῦ
1114 3488 1258 3563 μοναχοῦ
1270 3484 1370 3562 λόγος
1382 3485 1427 3562 εἰς
1437 3484 1494 3548 τὸν
1506 3485 1576 3562 βίον
1587 3487 1650 3548 τοῦ

418 3607 513 3671 ὁσίου
529 3605 653 3683 πατρός
668 3605 758 3683 ἡμῶν
775 3602 1007 3679 Νικοδήμου.
1487 3599 1581 3664 Mart.
1599 3599 1651 3664 12.

582 3722 637 3775 Ιιιο.
649 3720 750 3786 Χαιρόν
763 3720 812 3785 μέν
823 3719 895 3772 ίδιον
907 3717 977 3771 εἶναι
997 3717 1012 3769 δ
1033 3718 1125 3783 σόφος
1147 3716 1255 3782 ἔφησεν
1272 3716 1408 3781 Σολομὼν
1425 3719 1467 3782 τῷ
1483 3713 1567 3768 παντὶ
1577 3717 1651 3782 προί-

548 3837 632 3887 γματι
643 3849 676 3858 -
693 3821 756 3873 Βεε.
773 3818 808 3885 ἣν
828 3817 874 3871 καὶ
895 3815 1035 3882 βασιλείαν
1055 3815 1187 3880 ούρανών
1209 3815 1408 3882 μεμαθήκαμεν
1420 3813 1490 3868 εἶναι
1501 3814 1560 3879 ἐνῇ
1577 3815 1650 3879 μετά

548 3925 608 3973 τών
620 3919 666 3972 ἀπ’
675 3918 778 3981 αἰώνος
787 3916 927 3971 δικαίων...
941 3916 1022 3981 ἀμήν.
1348 3929 1351 3934 ·

459 4025 523 4082 43.
546 4017 628 4099 (1301.
651 4017 827 4099 mov-259).
853 4016 927 4091 Βίος
952 4015 1002 4077 καὶ
1026 4012 1168 4075 πολιτεία
1192 4015 1251 4075 τοῦ
1282 4011 1377 4075 ὁσίου
1407 4012 1529 4088 πατρὸς
1553 4010 1650 4087 ἡμῶν

418 4135 557 4212 Ἰωσήφ
574 4129 927 4211 ύμνογράφου.εΒ.’
1501 4125 1604 4207 April.
1619 4126 1651 4190 3.

406 4259 408 4264 '
458 4258 521 4313 44.
545 4243 1000 4330 (Fol.259-260).Mapr13910v
1021 4246 1087 4308 τῶν
1109 4242 1209 4318 ἁγίων
1230 4241 1424 4320 άναργύρων
1446 4240 1574 4319 Κοσμά
1597 4240 1652 4304 καί

418 4365 615 4444 Δαμιανοῦ
631 4360 908 4441 μαρτυρησάντων
923 4358 956 4423 ἐν
972 4358 1076 4441 Ῥώμῃ
1095 4357 1158 4421 ὑπὸ
1183 4357 1318 4435 Χαρίνου
1342 4359 1401 4420 τοῦ
1419 4356 1591 4435 βασιλέως.
1608 4388 1655 4410 =

419 4480 479 4544 134.
1043 4492 1044 4495 ’
1544 4470 1657 4538 1u1.1.

583 4587 644 4639 Des.
656 4585 702 4638 καί
721 4584 815 4648 λαβὼν
826 4584 918 4646 λάθρα
929 4581 965 4634 τά
977 4581 1095 4646 σώματα
1112 4579 1149 4644 είς
1168 4581 1220 4632 τὸν
1236 4579 1266 4633 ἐν
1283 4583 1325 4647 τῷ
1343 4581 1424 4646 τόπιμ
1440 4579 1658 4645 παρακείμενον

551 4687 665 4751 ἀγωγὸν
685 4682 861 4748 ἀπέκρυψεν·
880 4679 926 4735 καί
946 4681 1038 4743 ούτως
1059 4679 1085 4733 οἱ
1104 4682 1227 4744 γενναῖοι
1244 4683 1296 4732 τοῦ
1313 4679 1435 4746 Χριστοῦ
1453 4678 1596 4744 μάρτυρες
1616 4681 1658 4733 τὸ

550 4785 630 4848 τέλος
641 4785 692 4850 τῆς
705 4782 743 4846 είς
753 4780 874 4848 Χριστὸν
886 4779 1036 4845 ὁμολογίας
1048 4779 1241 4834 ἐτελείωσαν...
1251 4778 1332 4845 ἀμήν.
